3200 4913
549 343 681 410 332

553 502 882 586 Cecropio
912 501 1179 582 signatu
1200 501 1379 568 luto:
1424 520 1549 566 cur
1572 499 1805 566 invida
1835 499 2189 584 Memphis,

1292 361 1356 406 P.
1404 359 1573 406 PAP!
1586 359 1692 407 ΝῘΙ
1740 357 1989 406 ΒΤΔΤῙῙ

2610 496 2742 563 uo

553 603 771 670 Curve
798 601 1197 687 Therapnaei
1225 602 1540 669 lasciviat
1566 621 1687 668 ora
1716 600 1980 685 Canopi
1999 621 2042 672 ι,

549 766 735 802 amem
748 769 766 802 .-
795 766 883 802 ειη·
900 751 1065 802 invida
1085 751 1340 816 Membris,
1356 757 1405 802 et
1426 767 1512 803 cur
1524 753 1673 817 plaga
1698 751 1880 816 Canopi
1905 750 2183 815 sterapsoei
2204 757 2304 802 tam
2323 750 2460 800 luxui
2474 751 2715 813 indulgeat
2730 767 2749 800 .-

1468 875 1830 897 mm

554 959 757 1024 Gryph.
776 959 933 1010 Bssil.
959 959 1140 1011 Plant.
1161 957 1402 1011 Grssser.
1423 956 1640 1010 Gevurt.
1661 963 1762 1011 ὅτε.
1815 960 2008 1023 sig-satu
2027 959 2128 1025 legi
2156 960 2317 1024 jussit
2336 960 2670 1012 Marklandus
2693 961 2748 1014 iu

1550 1087 1764 1140 NOTAE

558 1191 655 1236 unt
686 1198 864 1249 opere,
898 1183 1270 1249 incipientibus
1303 1185 1478 1236 vernis
1508 1183 1616 1236 die·

558 1261 676 1323 hus,
710 1262 862 1325 pales
879 1266 935 1311 et
950 1267 1235 1312 stramento
1258 1268 1481 1312 rostrum
1499 1263 1614 1327 ejus

557 1337 839 1399 firmantes,
891 1337 1207 1388 continuatis
1251 1353 1347 1403 per
1388 1337 1616 1388 triduum

560 1412 799 1463 noctibus
834 1419 979 1462 tauto
1014 1413 1210 1478 labore,
1262 1420 1324 1464 ut
1358 1415 1533 1464 multis
1562 1415 1617 1465 in

562 1501 725 1552 opere
745 1487 905 1538 emori
938 1494 1165 1539 constet.
1230 1489 1410 1556 anue
1430 1488 1620 1540 militis

560 1564 664 1614 iliis
702 1580 817 1615 cum
862 1580 999 1616 enno
1037 1566 1175 1616 redit
1211 1566 1452 1631 semper?
1518 1567 1618 1617 Eu-

564 1641 683 1692 dem
701 1643 1013 1693 Plutarchus
1034 1641 1197 1694 refert
1213 1643 1307 1694 lib.
1323 1645 1391 1694 de
1406 1644 1620 1706 Fluviis,

564 1717 654 1768 ubi
671 1716 739 1768 de
765 1719 888 1768 Nilo
912 1721 1038 1783 egit.
1094 1719 1262 1769 Porro
1283 1719 1432 1781 dicit,
1454 1721 1621 1770 Cecro-

562 1795 697 1858 pius·
720 1795 889 1857 lutum,
921 1795 1042 1860 quie
1064 1794 1299 1845 omuibus
1324 1803 1503 1846 notum
1528 1801 1628 1859 est,

566 1870 827 1934 Procnen,
860 1870 1146 1922 Pandionis
1184 1872 1320 1934 regis
1342 1871 1626 1922 Athenien-

566 1947 695 1996 sium
723 1946 901 2008 filiam,
924 1947 978 1996 in
1014 1945 1340 1999 hirundinem
1374 1953 1626 1997 mutatam

567 2020 748 2086 fuisse,
767 2031 822 2072 et
843 2023 1134 2087 Cecropem
1154 2023 1371 2086 primum
1393 2021 1629 2072 conditu-

572 2110 680 2148 rem
710 2112 774 2147 ee
816 2113 988 2162 regem
1009 2098 1350 2149 Athenarum.
1414 2099 1626 2162 Stagna·

534 2239 537 2242 ⁴
570 2173 646 2236 tu]
695 2174 950 2237 Stsguats
990 2188 1113 2224 vero
1150 2188 1253 2225 non
1298 2181 1402 2238 est,
1442 2175 1498 2226 in
1527 2191 1629 2241 qua

569 2255 857 2311 perpetuus
880 2250 1023 2301 latex
1042 2250 1336 2315 subjicitur,
1366 2251 1630 2302 irremisso

570 2321 716 2373 fonte
759 2322 1036 2388 profluens,
1092 2333 1150 2376 ut
1194 2333 1348 2390 putet
1389 2328 1634 2378 Bsrthius

575 2397 714 2450 Λᾶν.
736 2399 826 2450 lib.
850 2412 1077 2452 xxxvn.
1109 2416 1227 2468 esp.
1247 2407 1301 2455 7.
1331 2419 1431 2456 nee
1450 2405 1634 2456 limosa

574 2490 708 2541 aqua
751 2476 1018 2539 inundate,
1058 2485 1120 2529 ut
1161 2480 1467 2531 Gronovius.
1529 2482 1633 2533 Sed

573 2557 797 2615 amatu
830 2554 1140 2627 simpliciter
1172 2557 1394 2620 munite,
1414 2556 1635 2609 firmate.

576 2630 871 2695 ‘stagnare
890 2630 905 2653 ⁸
934 2632 1071 2682 enim
1110 2641 1192 2684 est
1229 2634 1450 2688 munire.
1512 2636 1636 2688 Jus-

579 2706 721 2755 tinus
740 2708 832 2758 lib.
859 2720 1089 2759 xxxvn.
1111 2724 1227 2775 esp.
1248 2715 1301 2761 3.
1332 2711 1551 2777 loquens
1569 2711 1638 2760 de

576 2782 906 2848 Mithridate,
964 2787 1103 2850 quod
1136 2802 1333 2839 venenu
1364 2795 1642 2853 metueret,

578 2857 691 2908 haec
714 2859 790 2910 uit
807 2876 824 2910 ε
862 2866 877 2889 ·
895 2860 1151 2912 Antidota
1178 2866 1369 2927 saepius
1410 2864 1564 2927 bibit,
1585 2872 1644 2915 et

580 2935 657 2986 itu
679 2949 735 2984 se
759 2936 1009 2985 adversus
1033 2937 1243 2987 insidias
1265 2940 1541 3003 exquisitis
1564 2946 1645 2990 tu·

581 3008 800 3058 tioribus
840 3011 1081 3060 remediis
1118 3012 1422 3077 stsguevit,'
1451 3014 1503 3065 id
1542 3022 1645 3079 est,

581 3098 638 3135 se
662 3084 879 3134 munivit
917 3085 1165 3137 adversus
1202 3102 1423 3151 venene,
1462 3089 1646 3157 quibus

584 3164 953 3229 appetebatur.
1052 3164 1204 3217 Idem
1264 3166 1505 3219 Justiuns
1555 3159 1646 3220 lib.

584 3256 789 3294 xxxvi.
812 3258 929 3308 cap.
954 3248 1006 3295 ⁸.
1056 3246 1073 3274 ‘
1090 3244 1227 3295 Nam
1249 3257 1418 3311 neque
1442 3245 1648 3309 ventis:

586 3320 815 3385 loquitur
832 3320 902 3371 de
931 3322 1051 3371 lecu
1086 3320 1403 3386 Asphaltite,
1434 3323 1451 3351 ‘
1469 3336 1646 3372 move-

586 3402 693 3460 tur,
730 3396 1010 3447 resistente
1053 3397 1343 3447 turbinibus
1374 3397 1646 3459 bitumine,

588 3485 693 3536 quo
729 3485 865 3536 aque
900 3472 1065 3522 omnis
1103 3472 1414 3537 stagnum&
1448 3473 1501 3523 id
1544 3479 1649 3533 est,

583 3548 833 3611 munitur,
842 3547 1009 3598 firmet
1016 3562 1097 3611 ur,
1105 3548 1371 3611 densetur,
1386 3550 1653 3601 solidatur.

592 3624 723 3677 Qun
744 3625 1056 3689 significatio
1078 3624 1411 3676 confirmetur
1442 3640 1511 3674 ex
1544 3625 1654 3674 Pli-

593 3700 681 3749 nio
704 3700 821 3751 loco
855 3700 941 3751 hic
963 3699 1212 3763 laudato3
1242 3699 1370 3749 dicit
1408 3700 1545 3751 enim
1577 3700 1652 3750 hi·

592 3774 840 3825 sundines
891 3775 1113 3825 ‘molem
1148 3775 1537 3825 continuatione
1576 3776 1652 3825 ni·

595 3849 779 3900 dorum
821 3849 1065 3914 evaganti
1110 3850 1235 3901 Nilo
1276 3850 1654 3915 inexpugnabi-

590 3924 698 3975 lem
726 3924 1023 3988 opponere-²

658 4004 756 4050 no
772 4002 947 4051 Invida
966 3999 1225 4066 Memphin]
1257 4002 1515 4065 Memphis
1526 4002 1650 4053 urbs

596 4072 853 4137 quondam
886 4074 1129 4137 primaria
1146 4074 1381 4140 Empti,
1416 4076 1507 4126 sed
1529 4084 1652 4141 post

599 4146 963 4198 Alexandriam
976 4148 1259 4213 conditam,
1269 4151 1529 4215 secunds;
1550 4153 1652 4203 sits

600 4230 683 4276 est
716 4221 770 4272 iu
808 4222 971 4273 Delts
1011 4222 1243 4290 AEgyptl,
1272 4224 1652 4293 Pyramidibus,

1695 1199 1876 1248 regum
1901 1186 2110 1236 tumulis
2125 1185 2492 1237 celeberrime:
2513 1188 2624 1252 ejus
2645 1203 2752 1239 atn-

1693 1259 1833 1310 bitus
1853 1260 2043 1310 dicitur
2076 1258 2240 1311 fuisse
2273 1267 2482 1312 centum
2511 1268 2570 1312 et
2601 1263 2751 1326 quin-

1695 1338 1941 1403 quaginta
1950 1337 2228 1388 stadiorum
2248 1354 2263 1387 ε
2284 1337 2484 1389 Judzeis
2497 1339 2754 1401 Misrsim,

1700 1411 1960 1464 Arabibus
1974 1415 2152 1464 Mesre
2165 1414 2324 1478 dicta,
2339 1422 2394 1465 et
2409 1413 2582 1479 Monf,
2593 1428 2757 1480 prope

1697 1489 1861 1554 ipsam
1883 1490 2114 1542 Alsostst
2131 1505 2224 1542 seu
2248 1490 2508 1550 Alcahirs,
2541 1490 2607 1540 sb
2625 1491 2757 1552 Ars-

1701 1566 1854 1618 bibus
1875 1566 2091 1620 condita
2114 1566 2235 1632 fnit,
2257 1575 2316 1618 et
2335 1567 2596 1630 Memphis
2619 1580 2758 1618 nune

1701 1652 1904 1708 purtem
1923 1643 2036 1707 ejus
2055 1643 2200 1696 feeit.
2257 1644 2454 1709 Invida]
2472 1642 2760 1693 Beroeldes

1704 1721 1818 1770 vult
1837 1721 2124 1785 Memphim
2147 1721 2360 1772 invidam
2381 1721 2504 1778 dici,
2521 1720 2656 1784 quod
2679 1733 2760 1770 se-

1703 1794 1943 1846 cerdotes
1986 1797 2244 1862 AEgyptii,
2281 1811 2374 1847 seu
2417 1795 2762 1860 memphitici,

1704 1873 1848 1938 quiesi
1883 1873 2076 1923 invidie
2096 1873 2265 1936 ducti,
2299 1886 2489 1923 arcuna
2510 1887 2616 1922 sua
2637 1870 2761 1924 doe·

1708 1950 1860 1999 trime
1879 1949 2066 1999 nemini
2090 1949 2427 2013 detegebant,
2459 1949 2475 1978 ⁸
2498 1955 2555 1998 et
2596 1947 2764 1998 literis

1707 2024 2114 2089 ignorabilibus}
2148 2032 2208 2075 ut
2243 2024 2473 2090 loquitur
2509 2023 2763 2087 Apuleius

1707 2101 1764 2150 iu
1782 2101 2028 2165 Milesiis,
2051 2102 2067 2129 ‘
2087 2115 2152 2150 ee
2183 2098 2592 2151 adumbrabant’
2659 2098 2765 2149 Ge·

1710 2178 1908 2228 vartius
1924 2191 2046 2228 vero
2057 2177 2268 2227 inviam
2287 2177 2388 2228 dici
2405 2182 2621 2242 propter
2631 2189 2767 2224 sum·

1709 2270 1848 2306 mum
1871 2255 2067 2318 odium,
2083 2269 2145 2308 ac
2165 2254 2470 2316 simultates,
2485 2267 2612 2317 quas
2631 2252 2771 2321 inter

1713 2347 1772 2384 se
1795 2333 2006 2398 Egypti
2027 2331 2366 2394 exercebunt,
2397 2329 2464 2381 ob
2497 2329 2772 2379 diversita-

1712 2416 1820 2461 tem
1851 2410 2104 2471 Deorum,
2122 2421 2249 2474 quos
2287 2417 2610 2471 unaquaque
2647 2401 2772 2452 urbs

1712 2486 1938 2538 colebat.
1987 2483 2171 2535 Refert
2191 2482 2325 2533 enim
2349 2480 2610 2533 Diodorus
2627 2480 2774 2530 Sicu·

1712 2563 1812 2625 lus,
1835 2574 2008 2625 regem
2031 2558 2286 2624 quendum
2307 2556 2540 2621 AEgypti,
2558 2568 2678 2604 eum
2702 2555 2777 2603 vi·

1713 2636 1865 2687 deret
1879 2633 2153 2699 AEgyptios
2168 2633 2329 2695 leves,
2342 2646 2403 2681 ac
2421 2644 2668 2681 noverum
2691 2644 2775 2681 re·

1716 2726 1830 2763 rum
1851 2710 2090 2775 cupidos,
2121 2707 2530 2773 frequenterque
2553 2706 2610 2756 in
2630 2705 2776 2769 prin·

1720 2787 1866 2852 cipes
1905 2785 2184 2846 rebellare,
2236 2795 2545 2848 procurasse
2581 2780 2776 2832 astutis

1723 2877 1785 2912 ae
1802 2861 2108 2923 calliditate,
2141 2866 2201 2909 ut
2217 2858 2451 2909 diversos
2471 2858 2618 2906 Deos
2637 2855 2776 2907 eole-

1723 2943 1862 3001 rent,
1896 2939 2094 3002 hocque
2129 2933 2298 2997 modo,
2331 2930 2627 2995 concordia,
2658 2945 2775 3000 qun

1724 3015 1860 3065 inter
1882 3013 2101 3078 populos
2136 3016 2268 3071 erut,
2298 3009 2524 3071 sublata,
2557 3022 2620 3057 ec
2655 3021 2780 3058 cou-

1724 3089 1860 3141 flstis
1901 3089 2088 3139 sensim
2125 3085 2276 3148 odiis,
2315 3085 2384 3137 ob
2423 3084 2778 3135 diversitatem

1727 3167 1917 3228 cultus,
1938 3180 2052 3217 eum
2089 3178 2194 3215 uua
2221 3178 2348 3228 gens
2385 3166 2662 3227 sperneret
2687 3174 2780 3211 uu·

1725 3245 1882 3303 mina,
1901 3258 2018 3309 qun
2039 3243 2143 3293 elis
2169 3240 2398 3307 colebat,
2431 3256 2537 3291 non
2567 3246 2782 3306 possent

1725 3320 1988 3370 unanimes
2019 3319 2407 3385 concordesque
2439 3318 2492 3368 in
2517 3318 2781 3382 principes

1725 3411 1846 3446 suos
1865 3396 2184 3461 conspirare.
2249 3394 2402 3445 Hune
2423 3393 2640 3445 eundem
2663 3407 2785 3445 esu-

1729 3486 1838 3523 sam
1857 3471 2126 3523 Juvenalis
2147 3470 2538 3533 elegantissimis
2553 3469 2784 3521 versibus

1729 3548 2008 3611 expressit,
2036 3546 2127 3596 ubi
2161 3546 2390 3610 loquitur
2409 3547 2480 3597 de
2515 3546 2787 3610 Egyptio-

1730 3638 1844 3675 rum
1881 3624 2022 3673 inter
2043 3636 2098 3672 se
2119 3622 2248 3671 odiis
2272 3636 2334 3672 sc
2352 3620 2654 3684 inimicitiis,
2672 3620 2789 3673 Sst.

1731 3712 1826 3749 xv.
1859 3698 2039 3749 ‘Inter
2066 3696 2308 3749 finitimos
2347 3695 2464 3747 dira
2500 3704 2666 3769 atque·
2696 3710 2788 3747 an-

1730 3774 1878 3839 tique
1899 3774 2152 3837 simultas,
2181 3772 2484 3825 Immortale
2506 3772 2701 3836 odium,
2729 3778 2789 3822 et

1729 3864 1992 3916 nunquam
2015 3850 2246 3901 sanabile
2267 3850 2465 3901 vulnus.
2505 3846 2678 3899 Ardet
2697 3846 2788 3897 ad·

1732 3928 1832 3977 huc
1875 3927 2099 3979 Combos
2155 3933 2212 3975 et
2250 3927 2504 3991 Tentyra:
2559 3937 2787 3974 summus

1730 4006 1986 4070 utrimque
2007 4004 2138 4055 Inde
2159 4001 2303 4054 furor
2325 4004 2499 4069 vulgo,
2531 4000 2670 4066 quod
2691 4014 2789 4051 uu-

1729 4080 1872 4131 mina
1894 4078 2175 4131 vicinorum
2198 4078 2332 4130 Odit
2369 4086 2586 4143 uterque
2623 4077 2788 4139 locus,

1729 4168 1848 4205 eum
1864 4156 1998 4205 solos
2015 4154 2186 4206 eredit
2198 4142 2464 4213 habendos
2477 4156 2604 4209 Esse
2619 4155 2788 4219 Deos,

1731 4244 1862 4296 quos
1882 4229 1995 4297 ipse
2017 4230 2178 4283 colit.'
