3200 4913
1356 427 1771 478 ruffin-mo.
2619 418 2665 482 7

469 580 652 650 sunt,
671 571 730 636 si
753 571 888 637 isto
901 569 1278 636 charactere
1299 572 1632 636 scribatur
1652 581 1671 652 ς’
1696 573 1915 654 magis
1938 573 2215 651 diversi,
2233 575 2289 638 si
2310 575 2517 640 literis
2541 596 2664 640 un·-

469 677 760 742 cialibns
791 674 1268 758 concipiantur
1296 693 1505 740 voces
1539 691 1767 753 Βιιιιτ,
1786 692 2049 741 Tuum.
2098 676 2281 742 Idem
2300 677 2661 745 dicendum

463 777 552 844 de
567 775 687 840 tibi
713 796 843 859 pro
871 774 1010 838 bibe
1038 775 1226 859 Sylv.
1263 777 1424 840 v.·2.
1511 776 1629 842 Sic
1658 775 1865 841 turbes
1893 797 2015 861 pro
2044 777 2272 864 tinga-s,
2291 799 2443 845 cum
2458 789 2569 842 tm·
2594 787 2663 846 et

465 879 562 942 εὺι
583 878 765 943 idem
791 876 952 952 sint,
981 874 1020 938 b
1051 895 1212 942 vero
1243 882 1314 941 et
1327 894 1376 960 g
1401 877 1783 960 saepissime
1808 883 2285 961 pervertantur,
2347 880 2461 945 Ita
2478 891 2661 946 terra

459 997 584 1063 pro
615 995 824 1046 terve,
853 995 1003 1040 curn
1032 985 1060 1038 t
1087 981 1152 1040 et
1182 997 1214 1039 c
1255 976 1619 1061 simillima
1666 977 1824 1054 sint,
1862 983 1932 1043 et
1970 979 2099 1042 nisi
2130 999 2333 1045 sensu
2370 982 2493 1047 vix
2519 981 2659 1064 dig·

459 1078 851 1144 noscendae:
913 1073 1376 1142 dissimiliores
1419 1077 1793 1160 aliquanto,
1837 1079 1897 1143 si
1942 1081 2353 1164 capitalibus
2378 1083 2656 1162 scribas,

461 1195 782 1256 sununs,
842 1194 1162 1259 vincam
1219 1195 1518 1257 rusum,
1563 1197 1853 1246 centvm.
1941 1180 2023 1245 In
2066 1183 2347 1266 singulis
2389 1186 2654 1268 paginis

459 1281 774 1365 exempla
804 1281 1080 1365 hujusce
1107 1284 1368 1363 generis
1396 1280 1683 1348 habebis
1706 1303 1731 1366 ς
1756 1303 1909 1348 cum
1938 1290 2259 1368 perpetuo
2284 1294 2654 1352 commute-

459 1391 634 1450 tnra
663 1383 730 1446 in
761 1403 908 1451 un
937 1382 1006 1445 in
1035 1382 1102 1450 i.-
1131 1402 1166 1443 ο
1195 1382 1263 1446 in
1297 1403 1338 1444 a
1367 1389 1440 1447 et
1470 1405 1544 1452 c,-
1572 1404 1619 1446 u
1646 1384 1837 1448 inic:
1866 1391 1933 1450 et
1958 1386 2483 1452 haeomnesvice
2509 1409 2651 1455 ver-

455 1503 554 1550 sa.
599 1485 718 1550 Sic
747 1482 933 1548 rini
963 1490 1032 1548 et
1059 1491 1178 1547 tet
1205 1506 1270 1546 s.-
1317 1507 1350 1547 c
1377 1486 1452 1550 in
1479 1491 1600 1550 ret
1629 1483 1695 1548 l:
1737 1496 1797 1549 te
1826 1488 1893 1550 in
1922 1509 1965 1549 a
1993 1487 2291 1568 coaluit3
2322 1488 2651 1574 undepro

455 1607 728 1650 serenam
753 1585 1016 1650 restitui
1037 1593 1350 1665 serentem,
1380 1585 1514 1652 hoc
1539 1595 1663 1665 est,
1691 1586 1992 1652 sedentem
2010 1609 2032 1650 .-
2066 1595 2303 1654 ceutra
2318 1597 2379 1652 et
2406 1609 2533 1671 pro
2558 1611 2603 1654 a
2622 1617 2649 1662 ,-

451 1687 628 1752 unde
659 1705 782 1770 pro
811 1684 932 1750 bile
957 1684 1162 1771 feret,
1209 1686 1338 1751 feci
1361 1686 1546 1773 stra.
1632 1689 1769 1754 Sed
1810 1689 2089 1773 hujusce
2120 1691 2379 1772 generis
2404 1693 2648 1774 proeci·

451 1801 592 1871 pua
618 1799 724 1851 est
752 1787 1079 1850 restitutio
1109 1787 1240 1851 loci
1271 1787 1461 1872 Sylv.
1495 1805 1578 1854 11.
1610 1789 1675 1854 6.
1702 1790 1815 1855 27.

784 1933 939 2000 Nec
973 1935 1169 2000 Paris
1191 1935 1520 2036 'OEbalios
1552 1939 1707 2002 talis
1737 1941 2005 2000 visurus
2034 1957 2290 2002 amores

793 2035 1124 2102 Rusticus
1155 2036 1408 2102 invisas
1439 2035 1688 2122 dejecit
1720 2037 1787 2100 in
1819 2053 2087 2122 aequora
2116 2037 2350 2122 pinus;

447 2191 566 2256 nbi
587 2191 802 2274 probo
831 2190 1033 2254 scribi
1066 2189 1336 2266 debere,
1377 2188 1637 2253 Troasin
1666 2190 1893 2253 invisas
1920 2209 2044 2274 pro
2072 2187 2385 2254 Rusticus.
2456 2191 2639 2258 Vide

447 2283 668 2356 a‘utem
695 2292 966 2356 initium
998 2299 1069 2356 et
1099 2311 1532 2375 progressum
1560 2291 1761 2374 hujus
1790 2292 2060 2356 mendi:
2108 2292 2345 2357 ultima
2372 2294 2639 2376 syllaba

445 2392 512 2459 in
542 2394 790 2459 amissa
821 2398 959 2456 erat
988 2393 1052 2456 in
1085 2411 1250 2456 voce
1301 2392 1609 2476 proxime
1656 2398 1999 2475 sequente,
2052 2391 2301 2471 invisas,
2344 2399 2421 2460 ut
2448 2413 2638 2479 saepe

443 2495 560 2560 fit:
599 2494 750 2558 inde
779 2507 948 2557 troas
975 2498 1298 2577 ceperunt
1327 2512 1448 2577 pro
1475 2494 1657 2572 tiaras,
1700 2512 1855 2558 cum
1898 2494 2235 2559 literarum
2260 2494 2639 2561 differentia

443 2597 513 2660 in
537 2598 676 2661 isto
704 2596 1080 2661 charactere
1109 2596 1384 2659 minima
1411 2597 1528 2675 sit,
1569 2603 1641 2661 et
1666 2596 1797 2661 nisi
1825 2596 2061 2679 peritis
2092 2597 2211 2661 vix
2238 2596 2635 2679 dignoscen—

443 2698 570 2763 da:
629 2698 1016 2781 adjecerunt
1071 2693 1316 2763 deinde
1371 2697 1481 2761 vel
1539 2718 1631 2761 ex
1674 2714 1845 2763 voce
1889 2697 2343 2781 proecedente,
2388 2698 2495 2763 vel
2542 2717 2633 2763 ex

443 2801 736 2881 ingenio,
763 2797 1098 2881 syllabam
1129 2818 1233 2859 rus
1251 2820 1270 2858 :
1325 2799 1522 2862 etsie
1553 2799 2016 2862 concinnarunt
2046 2815 2283 2861 vocem
2315 2793 2630 2875 Rusticus,

441 2921 594 2985 quse
625 2900 918 2965 absurda
944 2906 1046 2963 est
1075 2907 1144 2964 et
1171 2898 1368 2963 falsa.

527 3002 868 3066 Infinitum
895 3007 1079 3065 esset
1107 3002 1166 3063 si
1199 3001 1422 3064 omnia
1449 3002 1518 3063 in
1547 3000 1723 3063 hanc
1751 3016 1891 3062 rem
1918 2998 2205 3063 dicenda
2228 3018 2625 3083 exequerert

440 3103 740 3168 desinam
764 3101 985 3181 igitur,
1011 3102 1066 3163 si
1097 3101 1286 3183 prius
1313 3108 1640 3163 notavere
1671 3099 1858 3163 aliud
1883 3098 2265 3164 mendorum
2293 3119 2505 3182 genus
2534 3124 2627 3169 ex

437 3204 562 3267 hac
607 3203 949 3286 praecipue
998 3200 1357 3283 scriptione
1397 3207 1467 3263 et
1503 3200 1883 3269 charactere
1915 3198 2298 3284 profluens:
2342 3203 2471 3267 hoc
2500 3210 2622 3281 est,

439 3324 592 3369 cum
623 3310 784 3369 totoe
809 3322 1039 3380 voces,
1069 3322 1201 3368 non
1225 3301 1430 3367 literae
1459 3309 1718 3367 tantum
1751 3320 1887 3367 una
1928 3307 1997 3366 et
2032 3302 2261 3381 altera,
2312 3322 2438 3388 pro
2468 3306 2623 3370 aliis

435 3405 954 3470 substituuntur:
1014 3423 1147 3467 non
1189 3403 1346 3487 quin
1385 3412 1456 3467 et
1483 3405 1972 3487 antiquioribus
2016 3404 2259 3485 Libris,
2302 3411 2369 3469 et
2416 3406 2623 3470 literis

435 3507 832 3591 majusculis
864 3506 1161 3589 scriptis,
1209 3504 1342 3581 hoc
1372 3506 1799 3583 usuvenerit3
1831 3507 1950 3569 sed
1979 3526 2111 3571 non
2152 3514 2290 3571 tam
2318 3504 2623 3590 frequen-

435 3617 556 3689 ter,
605 3596 731 3673 nec
781 3614 918 3671 tam
965 3605 1151 3672 facili
1201 3606 1442 3671 erroris
1485 3605 1862 3670 occasione.
1954 3604 2230 3690 Quippe
2286 3608 2620 3673 interdum

435 3709 985 3793 Interpolatores,
1015 3708 1338 3773 interdum
1367 3706 1761 3773 festinantes
1792 3704 2098 3785 Librarii,
2123 3726 2401 3791 quorum
2430 3708 2619 3773 lucro

431 3818 574 3875 erat
598 3813 806 3875 libros
834 3828 1032 3894 quam
1083 3810 1422 3875 celerrime
1461 3810 1921 3886 transcribere,
1966 3828 2119 3873 cum
2164 3804 2349 3873 nacti
2397 3815 2621 3875 essent

431 3911 797 3994 Exemplar
842 3909 1137 3993 aliquod,
1186 3911 1296 3975 vel
1336 3911 1551 3976 literis
1583 3909 1977 3976 minusculis
2007 3914 2076 3974 et
2101 3909 2618 3976 abbreviationi·

429 4014 582 4090 bus,
627 4014 734 4075 vel
777 4019 1110 4076 vetustate
1149 4016 1271 4076 aut
1311 4013 1526 4077 multo
1570 4030 1701 4075 usu
1742 4018 1811 4075 et
1858 4026 2173 4075 manuum
2216 4012 2613 4075 tractatione

427 4114 810 4192 obscuriuS,
839 4132 972 4176 non
1002 4132 1262 4197 semper
1287 4113 1442 4179 fidei
1470 4113 1799 4193 litabant3
1841 4112 1961 4177 sed
1989 4112 2379 4196 posthabita
2408 4114 2613 4178 veteri

425 4219 496 4278 et
540 4234 704 4279 vera
748 4214 1097 4291 Lectione,
1155 4216 1267 4281 cui
1305 4215 1698 4298 indagandae
1750 4214 2019 4299 aliquod
2070 4215 2389 4299 temporis
2444 4214 2611 4279 forte
