3200 4913
539 399 586 462 8
1431 410 1845 460 rnatu-no.

543 561 724 620 esset
776 552 1259 630 insumendum,
1289 551 1492 617 aliam
1519 549 1607 616 de
1634 572 1761 618 suo
1798 552 2063 634 benigni
2092 549 2590 636 impingebant3
2628 553 2728 622 de

541 673 742 720 sensu
773 652 1015 731 securi,
1043 647 1246 717 modo
1275 672 1358 716 ne
1377 652 1746 720 ,violaretur
1786 660 2099 731 metrum,
2140 660 2210 718 et
2252 655 2730 738 exemplarium

543 773 812 822 suorum
841 761 1182 820 venustas.
1271 754 1432 820 Hoc
1455 762 1703 820 autem
1734 754 1939 820 semel
1972 754 2317 834 admisso,.
2342 775 2527 838 saepe
2555 757 2733 830 acei-

544 857 644 922 dit
696 863 774 922 ut
827 856 1088 941 reliqua
1133 875 1291 940 pars
1349 877 1586 924 versus
1632 857 2037 922 immutanda
2084 864 2297 936 esset,
2336 866 2415 921 ut
2460 877 2733 922 sensum

543 957 918 1024 inductitiae
977 958 1138 1022 voei
1194 963 1667 1040 congruentem
1720 959 2031 1023 haberet:
2091 978 2225 1041 quo
2282 965 2509 1042 pactu,
2560 977 2735 1023 error

543 1079 718 1134 unus
774 1059 1278 1143 Interpolatoris
1321 1061 1430 1126 vel
1481 1061 1767 1126 Librarii
1812 1080 2045 1126 ansam
2090 1060 2278 1125 dedit
2318 1059 2579 1124 duobus
2630 1057 2735 1122 vel

549 1161 766 1226 tribus
791 1160 1078 1242 aliorum
1104 1161 1176 1224 in
1205 1161 1444 1226 eodem
1491 1181 1707 1226 versu.
1797 1160 1987 1226 Huic
2038 1161 2421 1226 Scribarum
2469 1160 2738 1224 festina.-

547 1258 736 1338 tioni,
779 1261 894 1328 vel
940 1261 1488 1345 Interpolatorum
1519 1263 1651 1328 aud
1660 1262 1853 1340 aciae,
1902 1262 2139 1340 refero,
2164 1262 2343 1346 quod
2372 1261 2559 1344 Sylv.
2593 1277 2641 1324 ι.
2670 1261 2739 1324 2.

549 1382 672 1446 pro
697 1372 847 1427 vota
865 1382 1188 1448 precesque
1217 1365 1421 1446 vulgo
1449 1363 1690 1446 legitur
1714 1363 1877 1427 dona
1896 1387 1917 1426 .-
1968 1370 2044 1428 et
2092 1363 2231 1428 tale
2270 1362 2527 1447 aliquid
2556 1361 2738 1426 acci-

551 1461 734 1527 disse
785 1465 1096 1548 suspicot
1144 1479 1193 1526 ι.
1223 1463 1289 1527 3.
1317 1463 1426 1528 21.
1477 1465 1598 1528 ubi
1648 1463 1829 1529 Anio
1886 1465 2134 1536 fluvius
2184 1462 2433 1528 dicitur
2482 1459 2738 1526 Saxeus.

552 1561 743 1628 Hinc
771 1564 973 1628 etiam
1000 1564 1182 1628 venit
1211 1573 1462 1648 partem
1502 1584 1647 1648 pro.
1670 1574 1904 1629 noctem
1927 1589 1950 1634 ‚·
1998 1561 2293 1628 Libertas
2328 1583 2455 1648 pro
2491 1558 2741 1642 Nobili-

553 1672 651 1727 tas
671 1688 696 1734 ,-
723 1661 882 1728 nube
909 1684 1031 1749 pro
1058 1661 1244 1728 laude
1262 1689 1286 1734 ‚·
1315 1662 1542 1750 fateor
1570 1683 1693 1750 pro
1715 1665 1963 1749 pariter
1979 1689 2003 1736 ,-
2057 1662 2346 1729 Moribus
2375 1683 2499 1748 pro
2534 1659 2742 1746 Fasci-

556 1764 664 1829 bus
679 1789 700 1829 .·
742 1767 898 1832 bine
925 1767 1193 1831 carmine
1220 1787 1345 1850 pro
1373 1767 1623 1831 numine
1643 1791 1668 1838 ,-
1718 1787 1963 1832 carmen
2002 1786 2128 1851 pro
2170 1765 2380 1830 limine
2400 1789 2423 1834 ,-
2464 1763 2744 1828 carmina

554 1885 678 1950 pro
707 1877 980 1952 tempora
995 1892 1019 1940 ,-
1062 1868 1342 1934 carmina
1374 1888 1499 1953 pro
1529 1891 1785 1933 munera
1801 1893 1827 1938 ,·
1848 1869 2089 1954 jugera
2120 1888 2241 1953 pro
2270 1885 2522 1930 munera
2539 1889 2565 1934 ,·
2606 1861 2746 1931 vul-

555 1989 707 2032 nera
731 1987 852 2053 pro
867 1989 1125 2030 munera
1148 1967 1428 2052 5sunera
1460 1989 1589 2053 pro,
1610 1968 1868 2032 vulnera
1891 1993 1915 2039 ,·
1943 1968 2199 2031 vulnera
2230 1988 2352 2051 pro
2380 1989 2699 2032 neumare
2720 1993 2748 2038 ‚-

534 2066 782 2150 summ
805 2087 929 2150 pro
935 2065 1230 2152 fulmina
1256 2093 1280 2138 ,·
1298 2065 1554 2151 pulvere
1579 2088 1701 2152 pro
1705 2066 1981 2153 fulgure
2001 2091 2025 2136 ,-
2050 2077 2299 2150 pectora
2326 2087 2447 2151 pro
2476 2067 2711 2140 lumina
2724 2093 2748 2132 .-

557 2188 712 2252 quae
768 2168 994 2233 omnia
1035 2169 1191 2234 loca
1241 2170 1500 2236 restitui
1554 2188 1647 2233 ex
1687 2170 1815 2234 hae
1857 2169 2227 2234 certissima
2268 2168 2521 2251 regula,
2564 2169 2749 2254 quod

559 2268 716 2334 hinc
747 2269 1026 2334 stabant
1065 2289 1307 2335 sensus
1349 2276 1419 2336 et
1461 2271 1802 2352 elegantia
1841 2276 1905 2334 et
1948 2271 2202 2334 usitata
2228 2271 2535 2349 mutatio,
2562 2271 2749 2336 illiue

559 2369 956 2453 plerumque
987 2370 1384 2436 absurditas.
1471 2370 1746 2456 Quippe
1772 2371 2127 2436 notandum
2154 2372 2349 2436 estin
2377 2371 2504 2436 hac
2536 2379 2749 2455 parte,

557 2492 696 2537 nou
749 2473 966 2537 solum
1013 2472 1198 2555 apud
1259 2472 1572 2552 Statium,
1615 2473 1734 2538 sed
1776 2478 1849 2537 et
1892 2478 2147 2537 ceteros
2179 2492 2421 2538 omnes
2465 2472 2749 2551 Poenis,

562 2592 770 2639 voces
796 2569 1075 2653 munera,
1102 2570 1386 2653 vulnera,
1428 2574 1703 2652 nomina,
1754 2572 1995 2651 limina,
2028 2572 2285 2654 lumina,
2306 2575 2606 2659 flantina,
2610 2574 2755 2656 flu-

563 2672 759 2753 mina,
787 2671 1094 2760 fulgura,
1121 2671 1440 2759 fulmina,
1457 2674 1735 2790 ‘summ’
1776 2674 2055 2753 numina,
2084 2696 2425 2757 munuum,
2454 2678 2755 2757 carmina,

567 2783 868 2859 tempora,
917 2775 1222 2861 germina,
1259 2776 1575 2862 gramina,
1622 2784 1692 2843 et
1730 2777 1979 2843 similia
2024 2779 2371 2862 trisyllaba
2396 2779 2753 2865 dactylica,

567 2894 754 2959 saepe
797 2877 870 2940 in
898 2876 1072 2941 Mas.
1101 2875 1320 2942 codd.
1348 2897 1471 2961 pro
1497 2898 1574 2943 se
1604 2879 1887 2946 invicem
1916 2880 2271 2945 substitui:
2254 2888 2322 2929 ·⁴
2360 2900 2491 2946 nee
2518 2881 2755 2947 dubito

570 2978 728 3059 quin
757 2975 1024 3042 AEneid.
1058 2992 1202 3041 xn.
1230 2978 1385 3044 518.
1412 2979 1532 3044 ubi
1558 3000 1731 3046 nune
1758 2982 2039 3063 legitur·
2022 3029 2038 3046 .

1087 3128 1384 3209 piscosoe
1416 3129 1522 3193 cui
1553 3131 1806 3196 circum
1837 3128 2113 3195 flumina
2140 3130 2387 3195 Lernae

742 3225 878 3391 ars
907 3226 1148 3305 fuerat,
1178 3247 1564 3313 pauperque
1596 3230 1878 3311 domus;
1922 3251 2046 3297 nec
2076 3236 2236 3298 nota
2264 3237 2605 3317 potentum
2662 3284 2679 3309 ,

829 3346 1054 3405 unera,

577 3426 905 3595 Virgithus
935 3429 1352 3516 scripserit‘
1384 3428 1715 3511 Limina;⁹
1782 3436 1859 3495 ut
1904 3430 2084 3517 apud
2128 3430 2499 3498 Martialem
2530 3428 2761 3519 Epigr.

583 3546 698 3595 xn

751 3632 934 3697 Dum
965 3650 1084 3715 per
1109 3631 1340 3697 limina
1371 3638 1438 3695 te
1469 3632 1945 3714 potentiorum,
1976 3634 2101 3695 Sto·

581 3740 650 3797 et
677 3731 1169 3799 Claudianum
1149 3750 1220 3794 ιιι
1249 3729 1362 3794 Pr.
1392 3729 1600 3795 Cous.
1632 3730 1894 3796 Stilioh.
1930 3747 1979 3797 1.
2011 3732 2119 3803 42.

1096 3831 1304 3896 nullis
1329 3832 1585 3899 haerere
1617 3840 1963 3919 potentum

756 3930 1175 4013 Liminibus;

653 4126 737 4175 4⁸
764 4126 851 4175 De
883 4124 1076 4175 harere
1119 4124 1237 4174 vide
1271 4125 1464 4192 θεοῖς.
1496 4127 1640 4179 Frid.
1724 4128 1901 4178 aiones
1940 4128 1995 4177 lu
2040 4128 2283 4179 nonnulla
2325 4128 2389 4180 Ρ.
2436 4128 2632 4194 Ovidii,
2671 4132 2772 4185 &e-

588 4198 1452 4266 StepbanAEtiebei-iCouJeutauea
1467 4210 1522 4255 et
1533 4202 1643 4269 opi·
1720 4204 1855 4255 loca.
1880 4204 2089 4269 Erhug.
2114 4208 2259 4256 1⁷8⁶.
2294 4216 2347 4269 p.
2368 4208 2435 4257 6.·
2468 4205 2631 4259 Hand.
