3200 4913
641 402 730 468 20
1535 407 1971 494 ramnum..

641 564 849 644 tiam3
897 583 1178 647 quarum
1209 551 1628 645 occasiones,
1658 574 1736 632 nt
1784 567 1943 633 mihi
1986 567 2266 650 videtur,
2298 569 2388 634 ab
2442 569 2551 634 his
2596 558 2843 637 studiis

639 666 1038 748 longissime
1060 665 1549 733 excluduntur:
1610 669 1787 734 bene
1832 671 2009 734 enim
2046 671 2219 750 scio,
2250 690 2389 757 qno
2432 673 2650 756 pretio
2691 674 2843 739 haec

639 773 708 833 et
737 767 963 832 omnia
987 767 1364 852 hujusmodi
1394 769 1799 836 aestimanda
1826 779 1983 837 sunt
2005 793 2045 837 ε·
2068 791 2223 857 quae
2256 780 2411 839 tunc
2442 773 2705 840 demum
2738 784 2842 840 to-

637 869 942 936 lerabilia
970 869 1118 934 fleri
1145 871 1500 956 incipiunt,
1533 891 1691 939 cnm
1736 875 1825 939 ab
1868 873 2091 940 animo
2120 876 2417 960 simplici
2448 883 2523 941 et
2548 872 2840 944 candido

639 971 1202 1055 proficiscuntur:
1249 975 1358 1040 sin
1383 976 1626 1055 minus,
1655 977 2042 1060 reponenda
2072 985 2231 1043 sunt
2258 979 2425 1044 inter
2455 977 2689 1045 Flacci
2717 1001 2842 1047 nu-

636 1093 762 1156 gas
792 1095 944 1159 quae
973 1079 996 1112 ‘
1028 1077 1207 1142 seria
1235 1076 1490 1143 ducunt
1517 1079 1586 1142 in
1616 1079 1839 1143 mala?

724 1173 1060 1242 Nonnulla
1087 1178 1155 1241 in
1180 1177 1286 1243 his
1311 1177 1551 1262 Sylvis
1579 1177 2144 1263 depravatissimam
2172 1185 2367 1265 puto,
2416 1187 2488 1249 et
2514 1181 2661 1248 sine
2686 1183 2841 1250 aliis

635 1273 1165 1360 Exemplaribus
1211 1298 1548 1364 nunquam
1595 1283 2024 1374 restituenda,
2068 1289 2308 1370 utpote
2349 1284 2516 1352 forte
2560 1286 2839 1353 mutila:

634 1379 818 1444 velut
841 1379 969 1446 hoc
1000 1380 1286 1464 Epiced.
1317 1381 1568 1448 Phileti
1593 1382 1707 1448 64.

809 1546 950 1612 Seu
980 1549 1300 1616 Lucanus
1331 1570 1513 1633 ager,
1547 1571 1666 1617 seu
1694 1551 1993 1620 Tibridis
2020 1551 2319 1638 impetus
2349 1553 2525 1620 altas

807 1653 892 1719 In
919 1653 1240 1720 dextrum
1271 1657 1584 1722 torsisset
1611 1676 1845 1740 aquas.

633 1753 800 1822 Arb.
836 1754 1039 1822 Ated.
1067 1757 1178 1824 69.

803 1856 894 1924 Et
919 1864 1174 1924 sec-rote
1203 1859 1457 1944 palam,
1483 1861 1600 1943 qui
1630 1860 1883 1944 digeris
1912 1863 2151 1930 ordino
2177 1861 2405 1930 vitam.

633 1957 747 2024 Ad
780 1956 1002 2024 Uxor.
1030 1961 1139 2024 49.

673 2101 680 2108 -
805 2058 898 2122 Et
922 2077 1340 2142 quamquam
1369 2060 1537 2125 soevi
1563 2058 1865 2127 fecerunt
1894 2061 2213 2128 Maenada
2240 2062 2579 2145 planctus.

631 2159 744 2226 Ad
769 2159 1077 2226 Marcell.
1105 2159 1216 2226 83.

1353 2262 1806 2345 proavitaque
1834 2269 1978 2330 toto

815 2362 1008 2430 Rura
1037 2363 1290 2430 abiisse
1317 2362 1511 2434 mari.

634 2464 724 2529 Et
753 2466 906 2535 102.

1235 2588 1360 2633 nec
1389 2568 1571 2633 enim
1600 2568 1999 2653 Tirynthius
2032 2570 2232 2637 almae

805 2671 1064 2736 Pectus
1089 2671 1430 2736 amicitiae.

635 2822 811 2903 Quae
844 2822 1095 2899 omnia,
1122 2820 1400 2907 (praeter
1427 2822 1610 2887 istud
1657 2820 1940 2907 Epiced.
1978 2820 2283 2900 Phileti,⁶
2329 2820 2412 2886 de
2442 2838 2578 2906 quo
2608 2840 2839 2889 omncs

633 2922 888 3007 tacent)
930 2926 1174 2988 summi
1205 2924 1330 2988 viri
1363 2924 1752 2990 Gronovius
1796 2932 1864 2990 et
1911 2924 2275 2991 chartlus
2323 2925 2688 2991 sanissima
2718 2944 2840 3008 pu·

631 3032 794 3105 tant,
823 3032 891 3091 et
920 3027 1266 3110 explicare
1295 3032 1657 3091 conantur:
1723 3044 1847 3109 ego
1895 3045 2030 3090 non
2078 3046 2355 3110 possum
2400 3024 2563 3091 mihi
2593 3028 2661 3091 in
2691 3031 2839 3091 tan-

631 3134 770 3193 tum
801 3130 1180 3212 imponere3
1247 3136 1316 3191 et
1345 3126 1735 3210 simpliciter
1767 3128 1982 3191 fateor
2020 3146 2126 3191 me
2152 3146 2285 3192 non
2316 3126 2679 3209 intelligere
2706 3126 2839 3193 ista

629 3228 828 3312 loca3
873 3228 1056 3315 quod
1087 3229 1346 3294 utinam
1371 3228 1667 3293 facerent
1704 3246 1937 3292 omncs
1984 3230 2103 3313 qui
2133 3236 2431 3295 veterum
2458 3226 2838 3295 Auctorum

631 3328 980 3399 Editiones
1029 3340 1422 3417 procurant3
1487 3338 1554 3396 et
1593 3350 1760 3396 sane
1802 3328 2026 3395 facere
2068 3331 2335 3410 debent,
2389 3336 2457 3396 et
2514 3328 2835 3410 facerent,

627 3436 754 3499 nisi
783 3432 1066 3520 puderet
1089 3434 1288 3499 fateri
1317 3451 1393 3499 se
1424 3432 1679 3517 aliquid
1708 3452 1841 3498 non
1886 3434 2255 3516 intelligere
2287 3452 2304 3496 z
2350 3451 2487 3516 qua
2518 3432 2837 3496 dissimu-

627 3538 880 3603 latione
913 3534 1080 3603 nihil
1110 3533 1349 3601 studiis
1377 3542 1482 3601 est
1499 3535 1910 3600 damnosius.
2001 3534 2187 3599 Hinc
2218 3534 2394 3598 enim
2428 3532 2675 3598 Lector
2701 3554 2837 3599 non

633 3640 802 3704 adeo
832 3640 1131 3705 eruditus
1161 3638 1310 3724 (qui
1341 3638 1573 3721 plures
1602 3639 1905 3714 numero)
1934 3654 2085 3699 cum
2114 3636 2183 3701 in
2208 3634 2349 3699 tale
2379 3634 2637 3719 aliquid
2671 3638 2836 3704 inci-

631 3742 823 3819 derit,
853 3742 1123 3807 incusat
1151 3740 1370 3825 primo
1402 3744 1743 3822 stuporem
1788 3754 2011 3815 suum,
2042 3756 2167 3821 per
2194 3756 2398 3822 quem
2426 3754 2560 3802 non
2590 3738 2836 3803 intelli-

633 3844 728 3924 git
757 3844 935 3928 quod
969 3850 1230 3907 ceteros
1261 3858 1491 3908 omnes
1519 3845 1716 3925 putat
1756 3838 2165 3923 intelliget-<33
2234 3859 2383 3905 cum
2412 3845 2633 3905 tamen
2662 3840 2835 3907 forte

631 3945 967 4029 ejusmodi
1015 3936 1108 4011 sit
1156 3946 1336 4030 qnod
1385 3962 1578 4010 nemo
1628 3960 1925 4026 unquam
1974 3948 2093 4007 ant
2118 3942 2467 4021 intellexit,
2498 3947 2611 4007 aut
2639 3943 2835 4008 intel-

631 4046 928 4113 lecturus
977 4054 1104 4114 est.
1193 4048 1435 4114 Statim
1485 4046 1785 4131 sequitur
1844 4044 2242 4111 incertitudo
2294 4044 2363 4109 in
2422 4044 2700 4129 studiis;
2766 4050 2833 4110 ct

945 4254 980 4298 θ
1015 4250 1102 4314 [ιι.
1127 4248 1344 4319 &lv-26.
1365 4254 1448 4300 5⁰.
1481 4250 1572 4302 ubi
1589 4252 1709 4303 vide
1732 4248 2007 4302 lectionem
2033 4262 2185 4314 quam
2208 4246 2471 4311 eruimus.]
