3200 4913
1347 393 1765 442 ruffin-mo.
2564 377 2647 444 11

451 544 747 621 absurdi,
776 545 888 610 vel
913 543 1096 620 falsi,
1143 544 1254 609 ve}
1279 543 1702 626 inelegantis3
1764 551 1999 608 contra
2044 563 2228 620 vero,
2263 545 2335 608 in
2365 544 2651 630 conjec-

451 651 600 710 tura
624 646 772 709 sive
821 664 992 722 mea,
1043 645 1190 709 sive
1245 645 1416 710 alius
1465 644 1875 727 cujuspiam,
1916 643 2114 721 ratio,
2146 647 2515 711 auctoritas
2544 649 2650 730 ip·-

451 746 594 810 sius
637 747 838 812 Statii
867 753 934 812 et
962 747 1366 829 optimorum
1419 746 1856 828 Scriptorum,
1886 763 2022 808 una
2046 764 2201 808 cum
2230 747 2508 811 minima
2538 748 2647 812 vel

448 847 698 912 usitata
724 847 1182 930 discrepantia
1205 865 1254 910 a
1282 847 1533 927 vulgari
1571 848 1941 930 scriptura3
1984 847 2157 911 istud
2186 846 2482 930 ejiciam,
2512 848 2647 914 hoc

447 947 516 1010 in
547 945 954 1012 contextum
984 966 1346 1012 assumam.
1433 945 1673 1030 Atqui,
1719 948 1971 1024 dicunt,
1998 947 2061 1010 si
2088 948 2219 1012 hoc
2256 950 2462 1014 semel
2491 970 2645 1016 con-

448 1046 746 1125 cedatur,
785 1057 1012 1112 actum
1055 1056 1163 1114 est
1199 1049 1286 1112 de
1331 1049 1755 1131 antiquitate,
1800 1054 1875 1112 et
1917 1067 2041 1130 pro
2086 1049 2307 1115 Statio
2348 1050 2645 1134 legemus

447 1151 678 1215 nescio
735 1170 959 1235 quem.
1050 1150 1290 1228 Immo,
1351 1151 1759 1233 respondeo,
1820 1169 1946 1233 pro
1996 1153 2229 1214 nescio
2284 1170 2415 1234 quo
2462 1155 2645 1234 leges

448 1249 762 1315 Statium.
850 1251 926 1314 Si
973 1252 1147 1315 enim
1193 1257 1287 1329 tu,
1331 1251 1468 1316 levi
1501 1251 1613 1315 vel
1663 1253 1913 1318 usitata
1960 1253 2329 1316 mutatione
2374 1271 2642 1329 vocum,

446 1367 539 1414 ex
567 1371 650 1415 eo
677 1351 856 1435 quod
888 1352 1254 1417 absurdum
1311 1360 1455 1417 erat
1497 1353 1605 1418 vel
1648 1373 1781 1418 non
1825 1353 2357 1434 intelligendum,
2384 1353 2643 1418 efficere

445 1457 639 1537 potes
677 1473 946 1516 sensum
989 1455 1427 1537 perspicuum
1473 1459 1538 1517 et
1583 1454 1909 1532 vividum,
1952 1453 2139 1519 filum
2182 1453 2533 1520 Poematis
2574 1461 2645 1520 et

447 1571 814 1618 sermonem
863 1559 1024 1637 apte
1073 1571 1449 1619 connexum
1504 1555 2047 1637 praecedentibus
2074 1562 2147 1618 et
2174 1556 2640 1638 subsequenti-

441 1656 596 1732 bus,
629 1653 966 1720 Numeros
1011 1657 1411 1738 aequabiles,
1452 1662 1518 1720 et
1561 1658 1801 1722 ceteris
1842 1656 2145 1740 ejusdem
2175 1654 2409 1720 Postae
2441 1675 2639 1740 pares

447 1739 520 1821 et
545 1757 846 1836 similes;
909 1757 1222 1841 denique,
1267 1758 1376 1822 cui
1421 1759 1587 1822 nihil
1630 1759 1720 1822 ab
1750 1759 1894 1822 uua
1920 1763 2109 1841 parte
2134 1757 2339 1839 objici
2372 1755 2637 1840 possm

449 1857 673 1922 statim
706 1860 1130 1934 exclamabo,
1159 1855 1423 1938 εὕρηκαςς
1467 1865 1678 1940 atque
1707 1859 1858 1934 hoc,
1887 1877 2019 1920 non
2047 1857 2185 1920 isto
2208 1857 2430 1934 mode,
2461 1855 2643 1920 Pois-

445 1965 584 2022 tam
634 1959 996 2042 scripsisse
1051 1957 1344 2021 credam.
1434 1956 1617 2035 Quid
1668 1957 1842 2020 enim
1902 1957 1963 2019 si
2022 1960 2289 2018 centum
2348 1953 2655 2020 Codices-

443 2062 866 2124 consentiant
893 2061 959 2124 in
987 2060 1119 2123 hoc
1144 2057 1412 2139 Virgilii
1443 2058 1600 2123 loco
1634 2054 1900 2120 AEneid.
1934 2071 2069 2118 vn.
2096 2055 2249 2120 693.

615 2193 843 2260 Multa
871 2194 1061 2259 Deos
1091 2210 1421 2276 aurasque
1449 2196 1637 2275 pater
1664 2193 1947 2254 testatus
1979 2188 2243 2268 inaneS,

495 2315 500 2320 ·
610 2293 999 2378 Frangimur
1025 2294 1152 2360 heu
1179 2295 1417 2372 ventiS,
1444 2292 1687 2377 inquit,
1717 2291 2111 2374 ferimurque
2140 2290 2470 2372 procella:

443 2458 616 2505 anne
643 2438 799 2504 ideo
825 2437 1170 2504 dubitares
1191 2435 1262 2499 in
1285 2433 1685 2503 contextum
1712 2432 2087 2509 admittere,
2108 2451 2197 2497 ex
2224 2430 2633 2515 conjectura,

613 2568 834 2634 Muita
863 2570 1052 2635 Deos
1079 2586 1370 2651 arasque
1397 2572 1585 2653 pater
1615 2571 1905 2631 testatus
1932 2565 2171 2629 inanes
2187 2565 2247 2628 ΤΞ

437 2700 820 2767 Proesertim
848 2722 1000 2767 cum
1028 2702 1096 2766 in
1129 2702 1262 2766 isto
1309 2700 1528 2765 nullus
1557 2701 1646 2764 sit
1674 2717 1951 2777 sensus;
1996 2704 2067 2761 et
2094 2698 2245 2779 ipse
2277 2695 2439 2760 aiibi
2469 2713 2629 2759 ean-

440 2803 592 2869 dem
640 2804 1032 2871 sententiam
1076 2804 1314 2869 iisdem
1365 2803 1498 2867 fere
1541 2800 1765 2865 verbis
1809 2795 2120 2881 proferat,
2168 2796 2435 2861 AEneid.
2484 2810 2627 2858 ΧΠ.

436 2904 588 2969 496.

613 3022 840 3089 Multa
863 3022 910 3088 J
914 3044 1107 3089 ovem
1137 3029 1204 3087 et
1231 3021 1380 3087 laesi
1410 3029 1693 3088 testatus
1722 3019 1992 3085 foederis
2024 3035 2209 3083 aras:

444 3168 644 3233 quem
668 3150 894 3215 locum
923 3149 1252 3215 exscribit
1291 3153 1655 3233 perpetuus
1693 3147 1841 3230 ejus
1868 3145 2164 3209 imitator
2192 3143 2313 3207 Sil.
2344 3141 2629 3221 Italicus

441 3268 574 3319 xvi
585 3268 629 3313 1.
661 3252 770 3316 87.

957 3361 1180 3417 castas
1205 3350 1442 3433 polluti
1469 3350 1745 3415 foederis
1774 3369 1929 3415 aras

607 3453 948 3521 Testatus.

439 3556 528 3624 Et
559 3572 660 3621 vi.
679 3557 832 3623 692.

951 3657 1248 3743 pollutas
1277 3656 1558 3721 foederis
1587 3675 1743 3721 aras

610 3760 1116 3843 Deceptumque
1141 3758 1187 3823 J
1193 3778 1415 3825 ovem.
2092 3799 2097 3803 -

436 3862 616 3942 Quis
661 3868 796 3927 tam
846 3860 1078 3945 inepte
1123 3861 1342 3925 fautor
1387 3858 1712 3926 Veterum
1766 3855 2191 3932 Lectionum,
2224 3860 2299 3919 ut
2328 3871 2459 3919 non
2487 3855 2619 3921 hoc

497 4054 528 4097 5
560 4050 575 4075 ‘
601 4047 855 4097 Addimus
877 4047 974 4097 hoc
1004 4043 1302 4111 suffragium
1328 4059 1484 4094 mem·
1565 4053 1671 4106 tur,
1722 4044 1777 4092 in
1822 4042 2004 4107 quibus
2040 4041 2237 4090 diserte
2280 4054 2478 4104 umque
2528 4052 2619 4087 ex-

431 4124 726 4186 branorum,
744 4140 859 4190 que
889 4124 1255 4189 numburgiiu
1293 4122 1485 4172 Biblio-
1561 4118 1813 4171 hibetur.'
1895 4120 2020 4169 Actu
2062 4118 2255 4167 Erudit.
2312 4120 2458 4166 1⁷29.
2507 4126 2621 4177 ρας.

431 4202 584 4253 theca
624 4200 874 4253 Ecclesia
915 4198 1244 4251 Cathedralis
1283 4212 1490 4249 servan·
1564 4200 1683 4247 882.
