3200 4913
1169 392 1586 444 sanARuM
1640 397 1783 444 me.
1818 396 1897 447 ιι.
1941 382 2005 448 1.

475 529 690 596 Nulla
719 550 905 597 soror
933 532 1244 611 flammis,
1275 536 1460 602 nulla
1489 538 1993 620 assurgentibus
2024 537 2251 624 hydris

2538 387 2669 453 211

2536 545 2665 612 185

470 633 808 698 Terrebit:
855 635 1019 717 quin
1041 637 1189 718 ipse
1219 638 1436 704 avidae
1471 646 1629 704 trux
1654 643 1891 704 navita
1912 643 2167 724 cymbae

474 733 756 799 Interius
783 735 1042 800 steriles
1072 737 1277 820 ripae,
1296 744 1364 802 et
1390 740 1629 806 adusta
1666 742 1921 808 subibit

471 834 754 912 Littera,
779 855 865 900 ne
891 855 1096 918 puero
1125 837 1294 902 dura
1322 841 1713 908 ascendisse
1741 842 2059 909 facultas·

472 934 658 1014 Quid
687 937 850 1002 mihi
879 939 1196 1019 gaudenti
1225 941 1448 1023 proles
1479 941 1785 1026 Cyllenia
1810 945 2003 1026 virga

469 1037 810 1102 Nuntiat?
855 1047 1048 1104 estne
1075 1040 1336 1123 aliquid
1359 1049 1496 1107 tam
1525 1063 1711 1109 saevo
1738 1045 1809 1108 in
1830 1052 2131 1128 tempore
2158 1047 2388 1114 laetum
2410 1053 2441 1114 't
2532 1052 2661 1118 190

470 1137 773 1206 Noverat
800 1139 1101 1224 effigiem,
1128 1145 1574 1227 generosique
1608 1145 1818 1210 ardua
1846 1147 2057 1212 Blaesi

469 1238 608 1304 Ora
637 1260 822 1323 puer,
848 1241 1003 1305 dum
1033 1263 1222 1326 saepe
1244 1244 1428 1309 domi
1449 1266 1631 1312 nova
1660 1255 1845 1322 serta
1872 1248 2189 1330 ligantem

465 1341 568 1406 Te
596 1340 802 1422 videt,
833 1350 902 1407 et
932 1345 1188 1410 similes
1217 1351 1568 1429 tergentem
1600 1358 1875 1432 pectore
1904 1370 2119 1416 curas.

463 1515 626 1566 Furia
646 1517 885 1566 terrebunt
899 1520 1033 1568 illum
1040 1520 1250 1580 facibus,
1269 1525 1353 1568 aut
1366 1521 1532 1570 erectis
1551 1521 1783 1584 anguibus
1797 1536 1814 1568 .·
1846 1521 1959 1597 quin
1973 1522 2073 1585 ipse
2090 1521 2318 1570 terribilis
2328 1525 2475 1572 nauta
2497 1537 2654 1571 avara

463 1581 640 1644 cymba
663 1582 866 1632 intrabit
925 1584 1080 1646 ropius
1111 1585 1370 1643 insoeewuda
1401 1585 1586 1648 littora,
1620 1591 1669 1634 et
1702 1591 1851 1634 tostas
1883 1601 1926 1633 rt

1927 1601 2028 1648 pau.
2048 1601 2108 1636 ne
2130 1586 2333 1650 difficilis
2350 1589 2417 1635 sit
2437 1601 2651 1636 aseensus

460 1660 617 1708 puero.
688 1647 819 1702 Quid
835 1662 887 1696 so
947 1649 1012 1697 les
1037 1649 1251 1711 Cyllenia
1271 1650 1388 1697 milui
1409 1651 1597 1699 nuntiat
1619 1652 1726 1699 lato
1748 1651 1940 1698 caduceo
1954 1655 1975 1698 i*
2008 1651 2155 1698 Estne
2174 1651 2355 1713 aliquid
2372 1651 2577 1710 jucundi
2599 1651 2652 1700 in

463 1715 562 1758 tam
579 1711 742 1760 acerbo
763 1716 997 1774 tempore?
1029 1712 1200 1771 Ivfitm
1220 1719 1410 1762 noceret
1433 1714 1685 1775 imag-inem
1703 1718 1751 1762 et
1770 1715 1940 1762 celsum
1970 1715 2151 1762 vultum
2172 1715 2325 1774 sortis
2347 1715 2518 1773 Bloesi,
2538 1715 2653 1763 dum

461 1789 584 1838 saepe
602 1775 728 1824 domi
745 1775 931 1824 viderat
951 1782 998 1825 te
1017 1791 1120 1824 eum
1140 1777 1276 1826 novis
1293 1779 1440 1827 sertis
1459 1783 1773 1834 coronantem,
1805 1785 1853 1826 et
1887 1793 1990 1828 eum
2018 1780 2127 1842 pari
2158 1793 2213 1826 ac
2244 1794 2296 1828 se
2316 1793 2475 1828 amors
2492 1793 2651 1842 prose-

1397 1901 1761 1921 Omefm

461 1999 580 2034 sum.
647 1984 827 2036 Lectio
849 1992 1028 2034 nostra
1060 1992 1141 2035 est
1162 2000 1226 2034 ex
1249 1987 1569 2036 correctione
1593 1984 2073 2035 Marklandi.—186
2106 1985 2252 2035 Rom.
2277 1985 2430 2035 acida.-
2446 1986 2547 2034 dax
2568 1999 2653 2033 aa·

462 2049 562 2097 vita
581 2049 936 2112 cymba—193
971 2050 1146 2100 Parm.
1171 2059 1226 2100 et
1248 2051 1462 2100 Venett.
1495 2055 1542 2099 et
1565 2050 1743 2099 similes
1778 2055 2037 2111 tergentem

2126 2055 2253 2098 dore
2274 2064 2427 2099 σαι-ιιι.
2492 2052 2507 2076 ‘
2534 2049 2653 2098 Hoc

462 2124 539 2161 est
561 2113 952 2176 detergentem;
977 2121 1218 2178 tanquam
1243 2124 1382 2165 serta
1403 2115 1491 2164 illa
1515 2114 1566 2163 in
1587 2113 1779 2164 doloris
1800 2115 2039 2164 solatium
2081 2115 2301 2177 igentur.
2359 2115 2447 2164 Sie
2474 2113 2653 2176 prima

461 2177 582 2230 edd.
604 2191 700 2228 uec
723 2178 910 2229 mutari
930 2179 1109 2230 debuit
1140 2181 1221 2228 in:
1255 2181 1513 2230 volventem
1547 2184 1733 2242 pectore
1754 2177 1926 2229 curas?
1994 2179 2180 2229 Heius.
2202 2178 2422 2229 Advers.
2448 2178 2539 2228 lib.
2564 2189 2654 2226 ιιι.

1451 2306 1668 2358 Nom-2

527 2407 621 2452 185
655 2403 802 2454 Nulla
820 2405 1194 2472 soros-flammis,
1212 2406 1340 2454 nullo
1359 2420 1514 2455 assur·

456 2480 683 2542 gentibus
700 2481 885 2546 hydris]
917 2483 1096 2531 Furias
1119 2482 1380 2545 intelligit,
1399 2496 1514 2546 quae

459 2554 602 2607 faces
635 2557 688 2605 in
729 2557 962 2606 manibus
999 2558 1206 2621 babent,
1235 2564 1290 2607 et
1321 2572 1514 2621 angues

459 2646 556 2695 pro
578 2632 846 2695 capillitio.

524 2710 620 2756 186
649 2706 818 2756 Avida*
839 2713 956 2757 trux
971 2707 1132 2757 navita
1149 2706 1348 2772 cymba]
1384 2708 1513 2757 Cha·

458 2796 568 2831 ron.
601 2782 767 2832 Avidoe
779 2783 978 2847 cymboe]
1004 2784 1138 2835 Quia
1155 2798 1332 2833 omnes
1351 2790 1515 2834 trans·

457 2858 624 2909 mittit
643 2858 696 2908 in
719 2858 941 2909 Inseros.

524 2938 618 2985 18⁷
653 2935 852 2985 Stet-iles
891 2935 1046 2999 ripas]
1087 2934 1232 2983 Nihil
1273 2935 1410 2985 euim
1461 2936 1512 2985 in

460 3008 646 3059 Inferis
675 3010 919 3074 gignitur.
964 3010 1156 3060 Adusta
1177 3010 1392 3074 Littera]
1426 3012 1512 3061 ob

459 3085 1028 3150 Pyriphlegethontem‚
1052 3086 1140 3151 qni
1161 3086 1402 3136 ardentes
1425 3101 1512 3136 un·

457 3160 550 3210 das
576 3162 784 3210 volvere
807 3161 1015 3211 dicitur.

528 3240 619 3285 189
654 3236 820 3284 Prole·
861 3236 1099 3299 Cyllenia]
1131 3238 1425 3287 Mercurius
1463 3239 1512 3287 in

456 3311 673 3374 Cyllene
689 3315 864 3358 moute
883 3307 1120 3358 Arcadiae
1139 3312 1361 3373 genitus.
1404 3314 1514 3362 Vir·

451 3386 544 3449 ga]
588 3385 804 3448 Virgam
859 3384 996 3433 enim
1049 3383 1155 3433 fert
1205 3386 1514 3437 Mercurius.

455 3461 592 3511 Vide
615 3460 778 3510 Theb.
803 3474 842 3510 1.
865 3463 978 3510 806.

521 3540 612 3587 191
668 3533 912 3601 Effigiem]
967 3536 1190 3585 Veteres
1245 3532 1512 3583 defuncto-

454 3630 567 3664 rum
587 3614 682 3664 sibi
706 3626 940 3663 carorum
963 3610 1209 3674 imagines
1247 3610 1436 3659 amoris
1458 3616 1514 3659 et

455 3692 715 3741 memoriae
760 3703 880 3752 ergo
934 3687 1032 3737 sibi
1077 3684 1190 3736 fieri
1240 3685 1513 3748 curabant,

453 3765 832 3829 servabantque
864 3763 1019 3826 domi,
1041 3770 1094 3811 et
1120 3761 1334 3812 floribus
1367 3777 1514 3811 eoro-

453 3842 636 3905 nisque
672 3840 942 3889 ornabant.
1011 3838 1114 3889 Qui
1148 3840 1314 3889 cultus
1339 3840 1509 3888 Mani-

455 3930 538 3965 um
557 3921 673 3964 erat
689 3915 1002 3963 notissimus.
1067 3912 1298 3961 Seneca:
1335 3914 1351 3941 ‘
1377 3914 1508 3962 lma-

455 3992 596 4055 giues
617 3991 761 4041 nobis
783 3991 1060 4040 amicorum
1087 3988 1336 4051 jucundae
1369 3994 1508 4051 suut,

456 4081 571 4129 que
595 4066 891 4115 memoriam
928 4070 1195 4127 renovant,
1221 4072 1275 4115 et
1308 4063 1508 4113 deside-

457 4140 586 4189 rium
618 4140 868 4191 absentiae
905 4139 1038 4189 falso
1072 4154 1131 4188 ac
1153 4140 1289 4188 inani
1322 4140 1508 4189 solatio

452 4214 662 4269 levanw
721 4216 920 4267 Plinius
939 4216 1027 4267 lib.
1049 4216 1146 4283 Ep.
1183 4216 1199 4245 ‘
1217 4215 1506 4279 virginium

1598 2404 1779 2454 video:
1815 2403 2107 2469 Virginium
2124 2403 2329 2469 cogito:
2366 2402 2655 2468 virginium

1586 2478 1697 2542 jam
1723 2481 1862 2529 vanis
1896 2478 2222 2541 imaginibus,
2244 2479 2543 2528 recentibus
2580 2487 2657 2529 ta-

1595 2569 1734 2615 men,
1758 2555 1931 2617 audio,
1956 2555 2209 2618 alloquor,
2229 2554 2421 2604 teneo.'
2456 2552 2652 2615 Ardua]

1595 2632 1734 2683 Quia
1756 2630 1894 2680 forte
1919 2629 2121 2679 Blaesus
2140 2631 2265 2679 altoe
2286 2636 2401 2678 erat
2416 2636 2654 2690 staturoe,

1595 2708 1677 2755 vel
1701 2706 1821 2770 quia
1842 2706 1895 2754 in
1923 2707 2029 2755 alto
2062 2707 2176 2755 loco
2213 2705 2382 2767 posita
2413 2704 2521 2767 ejus
2544 2702 2652 2753 effi-

1595 2782 1723 2844 gies.
1789 2780 1969 2843 Bloesi]
2016 2780 2169 2829 Hunc
2208 2780 2433 2829 Blaesum
2474 2780 2653 2831 volunt

1592 2856 1905 2917 interpretes
1924 2853 2077 2904 fuisse
2097 2870 2311 2919 puerum
2330 2869 2481 2919 quem
2502 2856 2653 2905 unice

1593 2931 1848 2995 diligebat
1901 2932 2109 2981 Melior.
2174 2930 2279 2979 Sed
2342 2944 2446 2979 nou
2496 2928 2651 2979 facile

1593 3008 1717 3057 milri
1752 3006 2097 3071 persuaserim
2126 3007 2261 3057 huuc
2304 3006 2531 3056 Blaesutu
2570 3004 2653 3054 fu·

1593 3086 1695 3134 isse
1750 3083 1991 3133 libertum
2035 3082 2289 3143 Melioris,
2331 3081 2423 3131 sed
2480 3082 2648 3143 potius

1595 3160 1812 3211 amicum
1835 3160 2180 3208 carissimum:
2219 3172 2333 3207 nam
2370 3158 2511 3205 illum
2550 3158 2649 3206 Ρι-

1596 3236 1765 3298 pinius
1794 3233 1931 3283 infra
1965 3234 2165 3283 inducit
2202 3233 2545 3282 ambulantem
2571 3231 2650 3285 in·

1596 3316 1679 3359 ter
1698 3323 1937 3372 proceres
1962 3310 2233 3370 Romanos,
2249 3316 2302 3356 et
2316 3308 2499 3357 seriem
2524 3306 2650 3357 Qui-

1595 3384 1723 3443 rini3
1772 3383 1910 3446 qnod
1948 3384 2015 3433 de
2060 3383 2248 3434 liberto
2286 3397 2389 3431 non
2434 3381 2649 3431 dlxisset

1596 3459 1849 3521 Papinius
1911 3460 2088 3509 decori
2154 3458 2645 3508 observantissimus.

1596 3534 1747 3583 Adde
1788 3532 1923 3597 quod
1954 3535 2239 3598 epithetum
2276 3534 2400 3583 illud
2431 3535 2649 3595 generosi

1589 3617 1849 3673 repugnat
1900 3610 2020 3661 huic
2074 3612 2288 3660 notioni.
2352 3611 2511 3661 Forte
2564 3618 2649 3661 est

1589 3687 1679 3735 ille
1711 3686 1900 3737 Junius
1923 3687 2145 3749 Blaesus,
2173 3702 2323 3751 quem
2346 3688 2513 3736 occidi
2528 3688 2645 3750 jus-

1587 3762 1658 3812 sit
1678 3763 1935 3813 Vitellius.
1971 3763 2195 3813 Consule
2214 3764 2467 3812 Tacitum.
2504 3764 2645 3827 Lege

1589 3836 1821 3888 Martial.
1846 3838 1933 3887 lib.
1958 3852 2082 3887 vm.
2116 3839 2295 3903 Epigr.
2329 3843 2409 3889 38.
2433 3839 2498 3887 ad
2530 3838 2645 3887 Me·

1585 3912 1790 3977 liorem,
1809 3914 1859 3961 iu
1883 3928 1983 3977 quo
2006 3913 2233 3963 celebrat
2256 3915 2369 3979 ejus
2392 3914 2643 3979 pietatem

1587 3988 1641 4037 in
1666 3990 1911 4039 Blaesum.

1656 4069 1749 4115 193
1784 4065 1978 4114 Similes
1996 4064 2157 4128 curas]
2187 4066 2249 4115 Id
2290 4072 2389 4128 est,
2422 4064 2640 4115 similem

1586 4138 1853 4204 affectum,
1886 4140 2101 4189 similem
2143 4155 2388 4201 amorem,
2426 4154 2528 4203 quo
2564 4156 2640 4203 se,

1585 4216 1790 4267 scilicet
1857 4216 2148 4281 Glauciam,
2214 4218 2640 4281 prosequebatur·
