3200 4913
573 379 705 446 348
1328 395 1389 442 P.
1438 393 1728 442 nemu
1779 393 2028 442 srxru

574 540 1067 622 Immanemqne
1098 539 1265 614 suiS,
1297 545 1373 605 ut
1400 538 1518 620 qui
1550 538 1905 603 metuenda
1931 537 2226 602 ferarum
2505 597 2513 603 .

573 641 803 707 Corda
829 642 1129 719 domant,
1161 659 1549 723 mersasque
1568 640 1808 723 jubent
1842 638 1986 723 jam
2015 640 2334 722 sanguine
2364 645 2548 705 tacto

580 744 893 808 deddere
926 745 1011 806 ab
1044 763 1158 806 ore
1186 763 1450 819 manua,
1482 749 1554 807 et
1580 743 1770 807 nulla
1799 743 2022 806 vivere
2055 743 2309 826 praeda.

577 845 977 929 Praecipuos
1010 845 1129 910 sed
1162 847 1335 910 enim
1367 847 1596 911 merito
1623 846 1944 911 subvexit
1971 846 2040 907 in
2070 853 2266 910 actus

580 946 899 1012 Nondum
925 947 1337 1029 stelligerum
1368 950 1595 1012 senior
1626 947 1951 1013 dimissus
1980 949 2049 1012 in
2080 967 2279 1012 axem

576 1048 926 1128 ClaudiuS,
958 1055 1023 1114 et
1047 1050 1251 1131 longo
1280 1051 1655 1116 transmisit
1681 1051 1928 1116 habere
1960 1050 2238 1116 Neroni.

2687 744 2777 806 '75

576 1230 786 1290 aspectu,
804 1241 860 1275 oc
880 1227 1113 1275 melem
1134 1239 1249 1288 ergo
1270 1240 1393 1286 suos,
1417 1231 1472 1274 ut
1495 1227 1577 1290 qui
1596 1227 1822 1290 subigunt
1842 1226 2173 1287 formidabiles
2187 1225 2344 1284 seras.
2364 1229 2410 1275 et
2431 1225 2528 1275 iuis
2547 1224 2614 1274 im
2697 1231 2780 1274 ant

578 1292 817 1340 dimittere
837 1305 1000 1339 manns
1009 1289 1575 1351 insertassaucibris,jom
1587 1297 1784 1352 gustato
1797 1307 1976 1354 cruore,
1996 1297 2044 1342 et
2055 1292 2212 1340 viuere
2233 1291 2364 1341 nullo
2376 1291 2560 1354 rapina.
2649 1291 2782 1339 einde

578 1357 817 1418 longoeous
841 1355 1071 1404 Claudius
1092 1357 1294 1404 nondum
1316 1356 1510 1406 missin
1531 1357 1585 1405 in
1605 1357 1879 1416 astriferum
1895 1355 2198 1416 coeluimjure
2221 1361 2268 1405 te
2288 1356 2446 1405 evexit
2465 1357 2528 1404 aa
2541 1356 2780 1416 precipua

579 1434 792 1483 munero,
810 1424 859 1468 et
880 1423 927 1467 te
956 1420 1149 1484 reliquit
1172 1420 1256 1468 din
1276 1419 1534 1470 habendum
1555 1437 1639 1470 suo
1661 1421 1833 1485 nepoti.
1904 1422 2025 1477 Quis
2046 1418 2263 1470 minister
2284 1421 2584 1484 Super-orum,
2604 1419 2782 1468 dicitur

1506 1556 1864 1576 mm

576 1650 893 1714 praedm—76
924 1647 1101 1697 Parm.
1125 1649 1338 1697 Venett.
1361 1647 1573 1698 vicent.
1612 1646 1771 1697 Aldd.
1811 1647 1978 1696 Colin.
2024 1647 2228 1710 Gryph.
2269 1645 2432 1695 Basil.
2474 1646 2650 1695 Plant.
2682 1649 2781 1697 dcc.

578 1713 792 1764 surrexit
810 1713 862 1762 in
882 1717 1015 1762 octus
1032 1728 1053 1771 ‚·
1086 1713 1235 1762 Rom.
1255 1713 1465 1762 surrexit
1489 1713 1539 1761 in
1562 1727 1699 1760 orcus
1711 1728 1732 1770 ;
1766 1719 1872 1761 vet.
1888 1710 2249 1773 Lindenbrogii
2270 1727 2284 1760 ε
2307 1711 2517 1759 surrexit
2535 1711 2587 1759 in
2599 1718 2786 1771 arctus,-

580 1779 796 1829 Gevart.
835 1777 1071 1827 Grasser.
1109 1776 1332 1826 Amstel.
1373 1777 1607 1828 Gronov,
1648 1779 1746 1825 διο.
1785 1775 2000 1825 subrexit
2038 1776 2090 1824 in
2125 1779 2288 1834 actim
2320 1789 2470 1840 quam
2507 1775 2784 1826 lectionem

580 1843 820 1892 defendit
846 1841 1135 1892 Gronovius
1158 1842 1333 1891 Diatr.
1355 1857 1472 1904 cap.
1496 1845 1578 1891 38.
1645 1841 1895 1890 Heinsius
1917 1855 2037 1890 vero
2061 1840 2125 1890 ad
2150 1838 2335 1890 Claud.
2379 1840 2608 1903 Epitlial.
2647 1841 2785 1890 Pan.

582 1917 638 1959 et
662 1909 830 1958 Celer.
856 1911 936 1958 83.
962 1906 1119 1968 legit:
1154 1907 1373 1955 subvexit
1394 1907 1445 1954 in
1467 1911 1634 1964 actus,-
1667 1905 1804 1970 quod
1826 1906 1876 1954 in
1901 1912 2098 1954 textum
2135 1904 2334 1967 rec-epit
2353 1904 2784 1954 Marklaudnse—

579 1977 643 2022 77
678 1973 813 2022 Edd.
834 1978 964 2021 vet-t.
985 1973 1241 2028 dentiam&
1264 1971 1554 2021 Gronovius
1571 1971 1787 2020 Elenclr.
1809 1969 2095 2022 Antidiatr.
2119 1985 2170 2032 p·
2189 1970 2534 2018 loadimissus
2547 1987 2568 2028 ;
2602 1977 2786 2031 postea

583 2050 704 2086 vero
730 2039 780 2085 in
802 2037 970 2100 Reliq.
996 2035 1060 2084 ad
1083 2037 1223 2100 Sylv.
1249 2051 1299 2112 p.
1322 2041 1435 2085 371.
1458 2035 1820 2099 suspicabatur
1841 2036 2181 2084 emissum—78
2217 2033 2354 2083 Edd.
2393 2041 2527 2083 vett.
2568 2039 2616 2082 et
2647 2036 2784 2097 longo

580 2103 867 2150 transmittit
908 2102 1077 2150 habere
1110 2107 1286 2164 nepoti.
1352 2097 1637 2151 Gevartius
1677 2100 1817 2163 conj.
1860 2102 2050 2162 tongum
2084 2099 2384 2157 tmnsmisit5
2434 2100 2587 2148 Cruc.
2633 2101 2786 2161 largo.

579 2167 597 2194 ⁴
616 2169 952 2215 Successores
974 2166 1177 2215 Claudii
1204 2165 1411 2215 videtur
1430 2171 1623 2230 nepotes
1643 2165 1909 2228 appellare
1931 2182 1944 2212 ι
1981 2165 2202 2227 alioquin
2245 2177 2414 2227 neque
2453 2165 2584 2213 Nero
2621 2178 2784 2227 nepos

584 2231 805 2292 Claudii,
838 2229 927 2278 sed
952 2229 1249 2292 privignus-²
1281 2231 1458 2280 Barth.
1526 2232 1541 2258 ‘
1564 2231 1670 2279 Pro
1693 2231 1979 2278 transmittit
2013 2230 2177 2292 primo
2208 2227 2482 2290 legendum
2518 2237 2600 2277 est
2630 2235 2786 2276 trans-

581 2291 734 2355 misit,
768 2305 989 2344 sumtum
1028 2309 1211 2357 nempe
1250 2308 1315 2342 ex
1355 2294 1539 2358 Virgil-
1580 2296 1696 2344 AEn.
1733 2307 1822 2344 ru.
1861 2297 1974 2342 329.
2041 2293 2144 2342 Sed
2189 2293 2302 2357 quis
2344 2299 2425 2342 est
2459 2294 2626 2354 longas
2645 2307 2788 2356 nepos

583 2359 807 2421 Claudii,
842 2361 927 2408 cui
962 2357 1415 2408 transmittebatur
1439 2361 1724 2408 Etruscus?
1759 2359 1923 2408 nullos
1965 2359 2120 2418 enim,
2150 2371 2278 2422 quos
2320 2358 2448 2415 scio,
2479 2363 2668 2420 nepotes
2702 2361 2787 2406 lia·

580 2423 697 2473 buit
720 2425 967 2474 Claudius
987 2439 1002 2484 ;
1038 2425 1134 2473 nisi
1159 2424 1200 2472 si
1224 2422 1333 2472 filia
1355 2424 1585 2473 Antonia
1607 2438 1724 2490 quae
1757 2424 1854 2473 Cn.
1889 2423 2164 2485 Pompeio,
2200 2422 2388 2472 deiude
2409 2423 2604 2474 Fausto
2627 2423 2786 2487 Syllo

581 2489 1638 2603 ¹313‘’231200‘3‘35222232‘3335225355522
1655 2487 2790 2617 32:2¹¹512223‘523350i23223205'fl31't223’

1535 2590 1551 2615 ,
2015 2590 2023 2597 .
2125 2586 2136 2599 .
2265 2583 2279 2599 .
2400 2586 2413 2598 .
2501 2584 2514 2599 .
2773 2587 2788 2601 .

586 2617 686 2668 An.
711 2634 830 2668 xiv.
850 2622 934 2668 60.
1002 2620 1168 2681 Lege:
1206 2618 1274 2667 Et
1296 2620 1432 2680 longo
1450 2620 1712 2668 transmisit
1737 2619 1904 2667 habere
1925 2618 2109 2667 Neroni
2125 2633 2142 2664 .-
2177 2624 2234 2665 et
2271 2616 2339 2664 de
2365 2616 2552 2664 Nerone
2573 2614 2786 2680 quidem

1578 2748 1795 2797 NOTAE

646 2851 709 2897 73
738 2848 1081 2909 Immonemque
1098 2846 1218 2911 suis]
1248 2808 1483 2895 Fratrem
1504 2844 1644 2895 enim
1729 2845 1886 2894 illud:
1923 2844 2004 2893 ‘in
2041 2844 2224 2893 coelum
2248 2843 2567 2893 descendere
2592 2842 2792 2907 jussit,’

586 2918 934 2986 plur1mosque
987 2924 1390 2987 propinquorum
1433 2920 1642 2970 interse-

583 2998 678 3061 cit,
698 3013 1004 3062 sororesque
1028 2999 1184 3047 exilio
1208 2996 1493 3047 mulctavit.

646 3078 715 3124 74
743 3076 859 3123 Jom
887 3076 1119 3135 sanguine
1152 3072 1301 3135 tacto]
1334 3072 1489 3126 Quod
1512 3070 1642 3123 diffi-

584 3150 750 3213 cilius·
800 3150 875 3199 Ut
894 3152 1027 3199 enim
1050 3153 1209 3199 semel
1232 3149 1359 3199 ferae
1382 3150 1644 3200 hominum

585 3226 977 3290 degustaverint
1026 3228 1340 3292 sanguinem,
1382 3226 1645 3277 difficilius

584 3313 966 3365 mansuescunt,
988 3314 1047 3353 ut
1067 3306 1203 3354 canit
1228 3306 1385 3355 etiam
1405 3305 1643 3354 Lucanus

583 3380 672 3427 lib.
707 3394 783 3429 ιν.
814 3380 937 3431 ‘Sic
984 3381 1067 3429 nbi
1112 3380 1341 3430 desuetae
1390 3382 1549 3445 sylvis
1587 3379 1643 3428 in

584 3470 799 3506 carcere
837 3459 1011 3505 clauso
1041 3456 1381 3505 Mansuevere
1415 3456 1557 3520 ferae,
1587 3463 1645 3507 et

585 3530 759 3580 vultus
780 3546 999 3595 posuere
1021 3532 1268 3593 minaces,
1292 3532 1463 3597 Atque
1484 3532 1644 3582 homi-

586 3622 703 3656 nem
727 3606 959 3656 didicere
993 3608 1098 3672 pati
1121 3624 1135 3657 =
1168 3609 1211 3657 si
1238 3608 1436 3657 torrida
1458 3623 1643 3671 parvus

586 3684 748 3734 Venit
772 3687 822 3733 in
848 3700 938 3734 ora
961 3700 1130 3748 cruor,
1153 3685 1472 3749 redeuntque
1507 3686 1643 3733 rabi·

586 3778 746 3828 esque
813 3762 1078 3829 furorque,
1112 3764 1514 3828 Admonitaeque
1566 3771 1646 3813 tu-

584 3846 731 3890 ment
754 3847 963 3905 gustato
996 3842 1248 3904 sanguine
1278 3840 1484 3891 fauces:
1524 3842 1648 3891 Fer·

586 3925 694 3974 vet,
718 3926 773 3967 et
794 3933 822 3967 a
846 3917 1053 3982 trepido
1077 3918 1164 3967 vix
1192 3920 1421 3971 abstinet
1442 3920 1519 3971 ira
1541 3934 1647 3969 ma-

589 3992 794 4054 gistro.'

652 4071 719 4117 76
762 4068 995 4123 Subvexit
1040 4070 1299 4137 [mrrexit]
1342 4072 1393 4123 A
1428 4075 1652 4140 surrigo,

587 4155 683 4206 pro
725 4147 932 4197 extulit.

654 4224 717 4269 77
751 4220 921 4273 Senior
950 4224 1168 4275 dimissus
1190 4228 1241 4275 in
1261 4224 1423 4290 axem]
1458 4228 1654 4277 Notum

1725 2921 1969 2987 quodque
2013 2920 2134 2971 huic
2179 2921 2434 2983 geminum
2477 2934 2542 2967 ex
2586 2922 2790 2970 Seneca

1725 2996 1962 3046 affertur.
2024 2997 2128 3047 Sed
2165 2996 2337 3045 Satira
2368 2995 2586 3045 multum
2619 2996 2789 3045 aliena

1727 3074 1791 3123 ab
1814 3071 2020 3136 ingenio
2042 3070 2278 3133 Papinii:
2308 3083 2409 3119 non
2439 3072 2576 3119 enim
2597 3070 2787 3120 decen-

1726 3161 1809 3204 ter
1823 3153 2093 3215 jocaretur
2117 3152 2181 3199 de
2219 3150 2460 3213 Claudio,
2483 3150 2571 3216 qui
2606 3153 2788 3202 Etrus-

1726 3244 1842 3280 cum
1867 3230 2121 3293 dignitate
2139 3237 2396 3289 auxerat3
2430 3243 2548 3277 nam
2565 3229 2702 3295 quod
2724 3229 2789 3279 de

1725 3306 1934 3357 feritate
1957 3305 2207 3367 Caligulae
2230 3305 2454 3366 dixerat,
2471 3305 2523 3354 in
2545 3320 2608 3354 eo
2631 3306 2790 3354 maxi·

1725 3398 1808 3433 me
1831 3382 2220 3433 commendatur
2253 3381 2461 3431 Etrusci
2496 3380 2788 3443 prudentia.

1725 3462 1918 3512 Posset
1959 3468 2014 3508 et
2049 3459 2154 3521 legi
2195 3458 2409 3506 emissus.
2461 3455 2710 3518 Epicedio
2736 3456 2787 3505 in

1727 3546 1965 3603 patrem:
2003 3537 2140 3585 ‘Seu
2185 3532 2430 3583 membris
2473 3534 2688 3583 emissus
2735 3532 2790 3582 in

1727 3615 1889 3663 ardua
1913 3610 2170 3662 tendens!
2219 3610 2333 3659 Nec
2357 3609 2489 3659 ratio
2509 3623 2686 3659 versus
2708 3622 2790 3656 re·

1727 3696 1941 3754 pugnat.
2007 3687 2285 3748 Virgilius:
2337 3686 2582 3751 ‘Ubique
2627 3698 2788 3750 pavor

1729 3776 1785 3816 et
1825 3767 2042 3829 plurima
2074 3766 2252 3816 mortis
2278 3763 2482 3829 imago?
2547 3765 2790 3816 Rursum·

1730 3859 1868 3909 que:
1908 3844 1924 3871 ‘
1949 3844 2020 3893 Et
2065 3843 2210 3892 furiis
2255 3842 2482 3908 agitatus
2525 3853 2686 3902 amor,
2733 3846 2789 3889 et

1730 3919 1939 3970 conscia
1961 3919 2158 3968 virtus.'

1795 3999 1861 4047 78
1896 3993 2146 4057 Claudius]
2197 3993 2442 4043 Claudius
2487 3991 2789 4044 Germanici

1731 4070 1912 4133 frater,
1931 4083 2197 4120 successor
2216 4070 2461 4133 Caligulae
2483 4070 2536 4120 in
2555 4068 2796 4133 imperio.

1733 4145 1922 4209 Longo]
1985 4146 2265 4197 Gevartius
2315 4145 2545 4196 correxit
2584 4147 2793 4208 longum,

1735 4224 1918 4290 supple
1934 4229 2158 4289 tempus,
2177 4226 2232 4273 et
2244 4220 2427 4287 junxit
2442 4236 2557 4273 cum
2578 4221 2790 4272 habere.
