3200 4913
1149 437 1246 484 nn
1293 429 1611 486 ummo·
1644 432 1937 484 εἰᾏτιο.
2542 417 2630 484 37

978 577 1134 646 Nic.
1169 578 1544 658 Gerbelius,
1573 576 1861 645 Graecioe
1888 579 2009 645 lib.
2040 595 2109 643 v.

440 719 448 726 ·
533 696 816 775 Statius,
844 697 964 762 lib.
1005 715 1120 765 rx,
1149 691 1542 764 Thebaidos
1565 697 1903 764 Ismenum
1929 697 2205 765 fluvium
2230 696 2627 764 venustissi-

448 798 580 863 mis
607 800 912 865 versibus
935 801 1252 886 depingit.

1325 951 1519 1017 Idem
1549 952 1669 1017 lib.
1700 969 1770 1015 v.

531 1065 667 1131 Sed
696 1088 833 1153 qua
863 1069 1068 1154 culpa
1096 1068 1361 1154 Papinii
1389 1089 1625 1136 versus
1656 1069 2055 1149 omitterem,
2087 1069 2621 1152 elegantissimos

445 1167 618 1248 illos,
647 1172 890 1255 quibus
919 1171 1292 1238 admirabili
1319 1172 1651 1239 suavitate
1680 1171 1888 1258 Alphi
1921 1171 2208 1238 Amores
2239 1174 2570 1240 decantat.

591 1335 700 1402 Fr.
723 1335 1040 1403 F'loridus
1069 1337 1362 1404 Sabinus
1393 1339 1676 1405 Subsec.
1708 1337 1893 1406 Lect.
1924 1341 2043 1407 lib.
2076 1359 2155 1404 11.
2186 1355 2338 1425 cap.
2366 1341 2474 1407 19.

531 1454 800 1536 Statius,
828 1458 1168 1524 excellens
1199 1458 1439 1524 Poeta.

590 1621 766 1688 And.
794 1619 1220 1728 Tiraquellus
1247 1627 1331 1691 de
1357 1627 1404 1692 J
1409 1645 1523 1691 ure
1553 1626 1983 1734 Primogenit.
2012 1645 2165 1712 cap.
2190 1626 2297 1692 1⁷.
2325 1627 2361 1712 §
2392 1627 2458 1692 5.

528 1737 856 1824 Papinius
901 1744 970 1808 in
1021 1743 1243 1809 Libris
1288 1743 1671 1810 Thebaidos
1708 1744 1784 1810 -id
1828 1745 2075 1810 bellum
2101 1744 2468 1810 bellissime
2498 1743 2613 1808 de-

450 1840 744 1924 scripsit.

826 1975 1062 2042 Petrus
1091 1975 1336 2053 Faber,
1366 1973 1679 2058 Agonist.
1708 1975 1827 2039 lib.
1862 1993 1911 2038 1.
1942 1994 2096 2060 cap.
2126 1977 2233 2042 10.

525 2089 898 2177 Utrumque
929 2095 1108 2159 circa
1138 2090 1536 2157 discobolos
1578 2093 1887 2176 usurpari
1933 2094 2228 2172 solitum,
2277 2093 2612 2176 significat

436 2192 791 2278 Papinius,
817 2193 925 2261 his
951 2194 1469 2279 elegantissimis
1497 2195 1919 2260 carminibus.

710 2363 1086 2447 christoph.
1121 2362 1418 2441 Milaeus,
1449 2361 1707 2428 Histor.
1742 2361 2113 2427 Universal.
2142 2361 2259 2427 lib.
2294 2378 2364 2426 v·

522 2478 890 2546 Heroicam
942 2481 1336 2564 dignitatem
1383 2480 1592 2546 Silius
1646 2482 2046 2565 exprimens,
2088 2480 2346 2547 Statius
2384 2498 2617 2547 conso-

435 2582 683 2663 quitur.
2352 2606 2358 2613 ·

709 2714 756 2779 J
759 2734 956 2781 oann.
988 2714 1334 2793 Picardus‚
1366 2712 1800 2798 Celtopoediae
1826 2716 1870 2781 l.
1902 2731 1972 2778 v·
2002 2733 2159 2798 pag.
2187 2714 2341 2779 205.

521 2831 783 2899 Statius
821 2834 1147 2918 Papinius
1190 2831 1413 2899 Poeta
1449 2832 1752 2898 eruditus
1784 2839 1856 2898 et
1882 2830 2230 2911 facundus,
2258 2831 2474 2897 multa
2501 2850 2614 2897 ea-

431 2952 564 3015 que
591 2934 1084 3019 elegantissima
1104 2934 1374 3018 reliquit
1403 2932 1758 2999 Po’emata.

1103 3087 1150 3152 J
1155 3085 1333 3151 nlius
1363 3085 1596 3151 Caesar
1626 3085 1950 3168 Scaliger.

521 3202 690 3287 Ejus
717 3203 955 3269 laudes
983 3203 1364 3287 ampliores,
1395 3208 1464 3269 et
1490 3202 1764 3268 Iudicia
1808 3204 1997 3269 varia
2037 3201 2316 3286 legenda
2344 3207 2501 3268 sunt
2543 3202 2615 3268 in

433 3304 658 3370 Libris
681 3303 766 3370 de
796 3302 1104 3383 Poetica,
1135 3306 1476 3389 praecipue
1508 3304 2009 3389 Hypercritico.

555 3454 602 3519 J
606 3454 894 3539 osephus
921 3453 1226 3537 Scaliger
1251 3454 1340 3518 ad
1370 3452 1744 3518 Chronicon
1775 3436 2073 3519 Eusebii.
2102 3454 2304 3519 Num.
2332 3452 2484 3520 229.

517 3572 842 3656 Duplices
872 3570 1112 3656 Garyae
1144 3580 1324 3650 sunt,
1343 3571 1569 3636 alterae
1589 3568 1970 3648 Laconicae,
1990 3570 2216 3635 alteras
2236 3568 2612 3649 Arcadicae,

431 3675 786 3741 Isaconicae
859 3682 1052 3741 erant
1131 3675 1362 3739 Dianae
1432 3691 1671 3738 sacrae.
1761 3670 2167 3748 Pausanias,
2228 3670 2608 3737 Laconicis.

429 3774 901 3844 Celebritatem
931 3783 999 3842 et
1027 3776 1305 3843 choreas
1335 3772 1669 3862 καρυάτιδα,
1700 3780 1905 3838 vocat
1933 3772 2345 3855 Hesychius,
2372 3780 2443 3839 et
2468 3793 2608 3841 ma·

429 3878 677 3944 nifesto
730 3880 944 3964 tangit
998 3880 1255 3947 Statius
1323 3884 1561 3965 quarto
1634 3872 2044 3954 Thebaidos,
2118 3876 2606 3945 accuratissimi

429 3980 728 4069 operis.⁶

511 4170 546 4215 ο
596 4166 973 4217 aeeon-ionem
1043 4180 1158 4217 cum
1223 4166 1478 4218 Wowerio
1555 4162 1831 4227 posthuma
1850 4176 2141 4215 ccccxxiv.

427 4256 572 4293 cuam
625 4242 904 4307 pollicetur
951 4242 1199 4308 Scaliger,
1239 4242 1476 4308 Epistola
2226 4276 2273 4297 ,-
