3200 4913
582 327 666 393 16
1471 343 1882 392 rastrum.

587 487 745 572 quid
773 487 1200 564 contulerint,
1233 485 1378 552 suis
1431 485 1605 552 locis
1658 482 2153 550 memorabitur.
2245 483 2345 548 Hi
2391 502 2623 552 omues
2666 486 2772 572 (et

585 588 704 654 alii
761 588 1048 674 aliquot)
1103 588 1450 654 ediderunt
1505 585 1631 652 has
1690 586 1957 670 Sylvas.
2071 585 2292 650 Janus
2351 585 2773 666 Parrhasius,

582 689 920 775 (monente
950 686 1287 773 Barthio,)
1330 687 1741 772 Argumento
1778 685 2051 752 Praefnt.
2080 686 2151 752 iu
2180 688 2295 752 lib.
2324 704 2371 750 1.
2424 686 2773 754 Claudiani

585 790 670 860 de
697 789 932 874 Rapta
961 789 1412 872 Proserpinae,
1438 786 1801 871 pollicetur
1842 785 2343 854 Commentario.
2384 788 2455 852 in
2486 789 2775 872 Sylvas3

583 891 764 975 quod
798 901 866 956 et
893 890 1062 956 facit
1093 889 1470 956 Politiauus
1502 888 1727 972 Epist.
1760 905 1866 952 v1.
1898 888 1963 952 1.
1997 889 2114 955 ubi
2142 889 2339 954 etiam
2370 895 2651 955 testatur
2694 909 2775 957 se

581 991 859 1076 publice
885 991 1278 1076 praelegisse
1310 992 1431 1060 hos
1473 990 1736 1056 Libros.
1823 988 1971 1055 Jos.
1998 989 2318 1072 Scaliger.
2348 988 2672 1074 Castigat.
2702 993 2775 1056 iu

583 1092 926 1176 Propertii
951 1093 1069 1157 lib.
1103 1109 1186 1156 ιι.
1216 1113 1288 1176 p.
1319 1093 1468 1158 185.
1498 1089 1688 1156 Edit.
1735 1091 2078 1156 Patisson.
2124 1096 2446 1156 memorat
2484 1109 2563 1164 ,se
2590 1109 2781 1164 enar-,

579 1213 768 1260 rasse
791 1201 972 1260 totos
1000 1197 1295 1278 quinque
1323 1193 1530 1258 libros
1572 1192 1931 1275 Sylvarum
1979 1191 2335 1257 Ludovico
2385 1189 2772 1271 Castnuaeo,

581 1294 816 1378 Equiti
875 1296 1115 1378 Regio.
1202 1294 1337 1360 Sed
1391 1295 1697 1377 privatae,
1755 1294 2025 1375 opinor,
2082 1292 2193 1358 hm
2249 1292 2593 1376 Scaligeri,
2640 1313 2775 1359 non

579 1396 898 1479 publicae,
929 1404 1048 1462 aut
1077 1397 1206 1461 scri
1212 1396 1348 1479 ptis
1375 1395 1756 1460 commissae
1774 1393 2297 1474 Praelectioues3
2342 1393 2523 1477 quod
2553 1401 2777 1460 tamen

577 1497 850 1561 innuere
879 1496 1136 1562 videtur
1163 1496 1504 1562 Barthius.
1596 1495 1741 1561 Alii
1772 1514 2045 1581 quoque
2090 1493 2281 1560 multi
2322 1495 2539 1560 lucem
2570 1502 2639 1562 et
2666 1516 2777 1562 sa-

573 1597 852 1662 nitatem
880 1597 1036 1662 huic
1085 1596 1439 1681 opusculo
1489 1597 1709 1662 obiter
1756 1597 2215 1663 contulerunt:
2286 1602 2360 1663 ut
2384 1616 2551 1662 sane
2577 1598 2773 1663 dubi-

577 1700 728 1774 tem,
759 1718 848 1764 au
893 1700 1065 1764 inter
1107 1699 1332 1764 omnia
1374 1696 1825 1780 Antiquarum
1871 1697 2139 1783 Scripta
2176 1697 2356 1763 ullus
2386 1697 2482 1762 sit
2494 1697 2777 1764 libellus

577 1797 700 1880 qui
741 1805 842 1864 tot
883 1799 1182 1864 medicas
1231 1818 1472 1864 manus
1501 1804 1833 1882 expertus
1860 1798 1989 1878 sit3
2033 1799 2289 1884 quippe
2330 1798 2399 1864 in
2428 1797 2775 1866 contextu

575 1898 782 1982 hujus
829 1899 1166 1966 Editionis
1209 1899 1420 1964 habes
1461 1898 1875 1966 certissimas
1924 1899 2433 1966 Emendatioues
2485 1902 2775 1966 virorum

579 1998 671 2064 ad
699 1998 1036 2064 minimum
1065 1998 1512 2083 quadraginta
1559 1999 1631 2062 in
1669 2017 1741 2062 re
1787 1999 2077 2064 literaria
2124 1999 2533 2082 Principum.
2620 2000 2693 2064 N
2692 2015 2775 2064 ec

571 2104 823 2177 tamen,
855 2107 929 2174 ut
956 2102 1118 2166 mibi
1149 2101 1430 2176 videtur,
1461 2099 1810 2166 dimidiam
1840 2105 2101 2182 partem
2128 2098 2515 2164 mendorum
2542 2099 2775 2170 abstu-.

573 2199 816 2281 lerunt,
859 2207 979 2267 aut
1018 2202 1320 2267 locorum
1374 2199 1747 2266 difficilium
1786 2199 2245 2285 explicarunt:
2312 2198 2489 2264 unde
2538 2219 2777 2283 magno

579 2303 854 2366 emerim
881 2303 1078 2380 scire,
1106 2302 1354 2387 quibus
1381 2301 1767 2367 rationibus
1798 2301 1930 2365 sibi
1960 2301 2133 2386 ipsis
2177 2299 2613 2385 imposuerint
2653 2301 2779 2370 viri

577 2403 650 2467 in
681 2402 831 2469 aliis
883 2401 1296 2469 Auctoribus
1343 2402 1961 2487 perspicacissimi3
2024 2403 2130 2469 vel
2174 2422 2309 2490 quo
2348 2404 2550 2471 modo
2574 2404 2777 2471 inter-

576 2506 896 2587 pretaturi
924 2503 1171 2569 suerint
1198 2512 1298 2568 ter
1326 2509 1592 2570 centum
1621 2504 1779 2570 loca
1801 2524 1957 2589 quae
1984 2524 2077 2571 ex
2104 2504 2211 2569 his
2240 2505 2471 2589 Sylvis
2497 2524 2777 2589 possem

579 2624 972 2690 proponere,
1000 2610 1067 2669 et
1092 2623 1374 2689 quorum
1405 2604 1506 2670 illi
1535 2604 1791 2670 nullam
1820 2606 2138 2671 rationem
2162 2605 2561 2673 habuerunt.

669 2706 842 2773 Cum
887 2706 1174 2789 primum
1215 2705 1344 2771 hoc
1389 2724 1565 2789 opus
1612 2725 1968 2788 aggressus
2008 2727 2211 2786 eram,
2250 2707 2341 2773 ad
2370 2728 2609 2775 manus
2635 2711 2776 2779 fue-

581 2814 739 2871 runt
769 2806 1118 2871 Editioues
1166 2804 1391 2890 (Libri
1435 2808 1613 2872 enim
1667 2806 1837 2873 Mss.
1880 2808 1953 2873 in
1999 2809 2347 2876 Britannia
2394 2810 2592 2896 nulli)
2620 2833 2776 2895 quae

583 2908 784 2993 vulgo
811 2907 1143 2972 habentur
1168 2907 1769 2990 praestantissimae,
1801 2906 1964 2974 Aldi
1992 2908 2125 2975 An.
2158 2926 2353 2975 muri.
2427 2912 2779 2991 Gronovii,

582 3008 910 3088 Gevartii,
957 3006 1308 3086 Bernartii,
1353 3008 1623 3087 Crucei,
1671 3009 2013 3089 Grasseri,
2057 3009 2449 3092 Veenbusii,
2508 3018 2576 3078 et
2616 3014 2773 3079 aliae

581 3111 914 3175 minorum
940 3111 1269 3192 gentium:
1314 3110 1719 3194 Tiliobrogae
1742 3131 2005 3196 quoque
2030 3111 2389 3179 Variantes
2420 3114 2774 3180 Lectiones

583 3210 858 3276 Veteris
885 3209 1182 3289 Codicis,
1213 3213 1329 3296 qui
1360 3212 1430 3275 in
1469 3212 1815 3296 plerisque
1859 3234 2013 3279 cum
2058 3214 2243 3279 Edit.
2272 3214 2473 3281 Rom.
2497 3234 2777 3281 consen-

581 3312 685 3379 tit.
775 3311 1106 3377 Gronovii
1154 3313 1460 3377 Diatribe
1517 3314 1977 3396 suppeditavit
2036 3316 2396 3381 Lectiones
2448 3316 2771 3383 Codicum

583 3414 906 3483 Senensis
935 3424 1006 3478 et
1037 3413 1431 3491 Florentini,
1473 3419 1543 3479 et
1584 3412 1979 3483 Editionum
2024 3416 2227 3482 Rom.
2270 3423 2343 3480 et
2384 3414 2653 3483 Aldinae
2704 3425 2775 3484 et

583 3515 864 3583 Venetae
897 3532 1267 3581 mccccxc.
1358 3516 1466 3579 De
1497 3516 1747 3599 quibus
1776 3518 1965 3583 libris
1992 3516 2113 3593 nit,
2154 3515 2461 3602 (Praesat.
2491 3516 2579 3581 ad
2616 3518 2775 3585 Dia-

583 3616 861 3702 triben.)
944 3621 966 3653 ‘
997 3618 1090 3683 Se
1137 3637 1398 3683 summa
1443 3636 1599 3681 cum
1644 3617 1995 3701 diligentia
2034 3636 2157 3683 eos
2200 3618 2587 3698 contulisse,
2618 3640 2775 3689 cnm

586 3720 904 3802 religione
947 3722 1016 3785 et
1056 3717 1188 3783 fide
1229 3718 1486 3803 optima
1529 3717 1777 3785 citare:
1861 3719 2063 3785 Anno
2106 3718 2299 3785 1653.
2342 3717 2523 3785 idem
2559 3722 2777 3790 edidit

588 3820 902 3897 Statium,
932 3827 1000 3885 et
1027 3840 1164 3886 una
1191 3840 1347 3887 cum
1375 3819 1496 3885 illo
1527 3817 1821 3903 Reliqua
1862 3822 1949 3886 ad
1992 3821 2281 3905 Sylvas:
2338 3822 2488 3888 haec
2518 3826 2775 3908 praebe-

587 3922 752 3987 bant
780 3919 1550 3987 Varietates·nonnullas
1593 3922 1886 4006 optimas
1929 3922 2211 3988 duorum
2253 3924 2528 3989 aliorum
2573 3923 2776 3989 Codi-

591 4042 766 4099 cum,
797 4020 1140 4089 Rhodiani
1169 4030 1238 4087 et
1289 4023 1847 4107 salisburgensis.
1934 4024 2227 4089 Excussi
2255 4043 2518 4107 quoque
2550 4024 2773 4092 Notas

590 4124 882 4189 omniurn
911 4130 1242 4210 quotquot
1269 4127 1568 4193 nansisci
1599 4132 1921 4211 poteram,
1950 4128 2068 4211 qui
2106 4128 2175 4193 in
2203 4126 2377 4192 hunc
2405 4126 2775 4195 Auctorem

593 4225 1072 4309 scriptitarunt.
