3200 4913
573 395 662 461 32
1203 407 1624 460 morosum
1662 409 2145 469 *us-rmome.

747 557 1132 622 Gulielmus
1183 547 1506 622 Pictuvus
1563 554 1636 622 in
1686 556 1927 622 Rebus
1984 556 2222 622 Gestis
2278 553 2603 625 Gulielmi

1221 657 1756 742 conquaestor-is,
1802 679 1959 743 cap.
2004 659 2113 725 64.

656 779 932 864 Tydeus
985 778 1342 844 adversum
1385 777 1749 843 insidiatos
1783 778 2269 862 quinquaginta
2320 783 2505 864 rupis
2536 783 2777 867 petivit

572 902 792 967 opem,
843 879 1224 946 Gulielmus
1275 899 1421 964 par,
1466 879 1645 945 hand
1690 878 1957 944 inferior
1994 879 2177 957 loco,
2218 881 2406 946 solus
2435 901 2567 946 non
2596 886 2775 950 exti-

569 987 736 1050 muit
763 984 962 1049 mille.
1051 983 1354 1066 Scriptor
1378 973 1770 1047 Thebaidos
1803 978 1908 1047 vel
1938 981 2312 1061 AEneidos,¹
2346 984 2464 1067 qui
2490 985 2679 1050 libris
2707 989 2775 1050 in

567 1088 764 1172 ipsiS,
806 1085 1086 1151 Poetica
1134 1085 1302 1167 lege,
1353 1083 1436 1148 de
1485 1083 1747 1168 magnis
1794 1082 2054 1167 majora
2098 1091 2345 1151 canunt
2388 1106 2476 1152 ex
2508 1089 2775 1153 actibus

569 1189 766 1273 hujus
788 1188 916 1253 viri
945 1209 1138 1274 aeque
1165 1206 1478 1270 magnum
1505 1186 1659 1272 plus
1688 1183 1959 1270 dignum
1985 1187 2393 1253 conficerent
2416 1209 2595 1275 opus
2618 1209 2775 1256 vcra

573 1290 888 1357 canendo.

845 1425 1274 1491 Hermannus
1304 1424 1716 1492 Contractus
1750 1423 2023 1505 Comes,
2050 1426 2123 1490 in
2154 1422 2519 1497 Chronico..

651 1541 853 1609 Anno
884 1542 1134 1608 Christi
1163 1555 1288 1608 Lx.
1315 1541 1576 1610 Statius
1607 1542 1831 1610 Postu
1858 1546 2081 1610 clarus
2108 1549 2273 1610 erat.

999 1687 1350 1760 Honorius
1381 1691 1859 1778 Augustodun.
1882 1697 1950 1760 in
1973 1690 2339 1760 Chronico.
2468 1703 2473 1709 ’

656 1811 1110 1890 Domitianus,
1159 1811 1361 1876 frater
1403 1804 1564 1889 Titi,
1610 1809 1991 1894 quindecim
2024 1832 2259 1892 annoS,
2288 1831 2553 1878 menses
2585 1813 2777 1897 quin-

568 1932 722 1998 que.
811 1911 1079 1979 Statius
1109 1909 1332 1978 Po‘eta
1357 1911 1623 1978 claruit.

711 2061 1036 2126 Silvester
1063 2059 1413 2139 GiralduS,
1454 2061 1649 2125 initio
1678 2061 1867 2126 Libri
1898 2062 1982 2126 de
2010 2061 2215 2127 Miris
2246 2063 2619 2129 Hiberniae.

653 2179 977 2263 Egregius
1006 2177 1250 2255 Poeta,
1281 2178 1570 2243 Statius.

1173 2309 1438 2376 Alanus
1467 2309 1909 2380 Anti-Claud.
1940 2311 2057 2379 lib.
2090 2323 2205 2380 xr.

1021 2437 1100 2494 ut
1131 2428 1383 2495 Sollius
1413 2431 1748 2515 implicat,
1776 2431 2073 2518 explieat
2100 2434 2265 2499 alter

826 2532 924 2597 Ut
955 2530 1177 2610 Naso,
1209 2538 1443 2598 vernat
1471 2539 1547 2598 ut
1576 2533 1863 2614 Statius,
1894 2541 1973 2600 ut
2003 2534 2201 2602 Maro
2232 2536 2463 2603 dictat.

963 2656 1406 2747 'Holmofflus
1437 2681 1684 2747 chron.
1716 2683 1898 2750 slav.
1927 2684 2043 2751 lib.
2071 2702 2119 2750 1.
2145 2704 2204 2751 ο.
2232 2687 2345 2753 43.

655 2800 968 2880 Quadam
1015 2798 1147 2877 die,
1191 2799 1424 2865 multis
1469 2802 1739 2866 arbitris
1784 2820 2013 2867 coram
2058 2804 2307 2887 positis
2344 2804 2773 2889 interrogavit

567 2902 967 2980 Vicolinum,
1017 2902 1086 2965 in
1133 2899 1400 2968 Scholis
1446 2904 1691 2987 positis
1738 2903 1897 2988 quid
1944 2906 2273 2989 legisset?
2362 2906 2496 2971 1110
2554 2909 2773 2992 perhi-

563 3007 768 3070 bente
824 3022 900 3067 se
955 3002 1156 3069 Statii
1202 3003 1442 3069 Libros
1487 3002 1914 3072 Achilleidos
1962 3008 2234 3091 legisse,
2288 3014 2775 3091 consequenter

563 3104 934 3191 requisivit,
965 3124 1122 3189 quae
1149 3112 1331 3170 esset
1351 3109 1641 3172 materia
1668 3109 1871 3174 Statii
1892 3112 1924 3173 ‘t

609 3254 927 3321 Gulielm'.
959 3248 1435 3332 PictaviensiS,
1465 3254 1538 3319 in
1577 3254 1811 3322 Gestis
1838 3256 2163 3323 Gulielmi
2202 3257 2421 3343 Regis
2452 3258 2726 3343 An‘glor.

1393 3364 1458 3423 et
1486 3359 1661 3424 Duc.
1696 3358 1935 3424 Norm.

647 3474 822 3540 Cum
876 3470 1185 3539 Haraldo
1240 3474 1385 3554 tali,
1440 3477 1704 3560 qualem
1754 3478 2078 3544 Poemate
2126 3478 2355 3541 dicunt
2401 3474 2770 3543 Hectorem

564 3576 673 3642 vel
699 3575 1026 3655 Turnum,
1069 3596 1203 3641 non
1239 3580 1461 3643 minus
1491 3580 1765 3644 auderet
1793 3577 2172 3643 Gulielmus
2205 3578 2519 3659 congredi
2550 3581 2773 3663 singu-

561 3677 685 3743 lari
743 3678 1130 3755 certamine,
1173 3695 1378 3762 quam
1436 3676 1743 3744 Achilles
1785 3697 1941 3743 cum
1989 3677 2315 3757 Hectore,
2360 3681 2470 3745 vel
2511 3682 2771 3747 AEneas

563 3800 720 3845 cum
748 3778 999 3845 Turno.
1084 3780 1369 3863 Tydeus
1410 3780 1771 3846 adversum
1820 3779 2251 3845 insidiatores
2286 3782 2773 3866 quinquaginta

563 3882 752 3966 rupis
792 3882 1034 3965 petivit
1086 3900 1309 3967 opem.
1411 3880 1793 3949 Gulielmus
1852 3900 1999 3967 par,
2048 3881 2231 3948 haud
2280 3883 2546 3951 inferior
2593 3884 2770 3964 loco,

565 3984 754 4050 solus
783 4002 921 4049 non
947 3984 1266 4051 extimuit
1303 3985 1506 4051 mille.
1591 3982 1901 4069 Scriptor
1946 3984 2336 4051 Thebaidos
2378 3986 2489 4051 vel
2538 3986 2772 4053 AEnei-

633 4164 660 4211 1
691 4162 802 4212 Pro
840 4166 1051 4216 summis
1092 4164 1294 4216 duobus
1331 4165 1629 4216 auctoribus
1712 4166 1867 4217 etiam
1924 4166 1979 4217 in
2032 4167 2136 4217 illis
2182 4166 2416 4219 barbaris
2470 4168 2771 4235 pugnatori·

569 4244 678 4288 tum
723 4237 935 4292 fuerunt
991 4240 1242 4305 Virgilius
1297 4246 1352 4291 et
1411 4240 1631 4305 Statius,
1711 4240 1823 4293 bus.
