3200 4913
1268 395 1687 446 resumo.
2482 387 2569 452 15

376 543 718 606 innumera
745 538 1118 624 specimina
1143 538 1418 604 exhibet
1457 541 1528 604 in
1575 537 1905 623 praeclara
1935 542 2241 610 Diatribe
2272 543 2339 608 in
2369 544 2567 610 Statii

379 643 659 729 Sylvas:
735 641 806 706 in
851 661 988 725 quo
1033 645 1260 706 tamen
1303 659 1506 724 opere
1561 643 1775 718 multa
1828 643 1916 708 ad
1964 643 2321 712 Poetarum
2368 647 2565 712 locos

377 745 760 828 spectantia.
787 749 1143 821 mutasset,
1171 751 1284 807 sat
1309 744 1476 821 scio,
1511 743 1865 822 Heinsiu5‚
1914 747 1976 809 si
2022 745 2110 810 ad
2160 747 2341 814 illius
2382 751 2569 832 judi-

379 848 555 914 cium
603 865 716 910 res
757 845 1010 912 fuisset
1053 844 1408 927 exigenda.
1498 845 1780 924 Interea,
1810 848 1971 912 inde
2002 869 2077 912 se
2105 850 2310 915 solari
2338 859 2567 933 potest

377 947 784 1025 Gronovius,
817 947 998 1030 quod
1047 946 1176 1010 hoc
1219 943 1486 1030 (nescio
1533 968 1617 1014 an
1647 947 1867 1014 dicam
1897 948 2359 1033 infortunium)
2385 971 2569 1018 com·
2706 969 2711 972 ·

375 1069 574 1122 mune
601 1049 916 1116 habuerit
943 1068 1094 1113 cum
1124 1048 1288 1113 viris
1315 1049 1389 1115 in
1418 1050 1576 1113 aliis
1615 1050 2008 1116 eruditionis
2037 1053 2339 1135 partibus
2364 1053 2565 1137 longe

375 1153 678 1216 summis.
769 1151 954 1215 Hinc
981 1152 1184 1216 etiam
1213 1169 1297 1216 se
1338 1153 1514 1216 tueri
1553 1160 1812 1236 potest,
1842 1153 2025 1236 quod
2070 1154 2219 1218 haec
2261 1155 2565 1222 Diatribe

374 1255 660 1336 primum
679 1253 832 1336 ejus
847 1258 1202 1331 tentamen,
1221 1262 1290 1319 et
1305 1273 1478 1338 opus
1489 1255 1789 1339 juvenile
1808 1254 1935 1320 fuit
1952 1277 1969 1322 z
1982 1256 2278 1340 juvenile
2297 1258 2565 1340 quidem

373 1354 565 1432 illud,
595 1355 718 1419 sed
745 1354 1074 1418 Gronovii
1107 1354 1400 1437 juvenis,
1431 1361 1497 1420 et
1540 1357 1741 1439 quale
1772 1375 1915 1421 non
1943 1357 2306 1443 perfectius
2334 1357 2564 1423 elabo-

373 1473 518 1520 rare
545 1457 890 1538 potuerint
915 1454 1109 1519 multi
1151 1457 1270 1538 qui
1308 1455 1501 1520 hisce
1530 1456 1745 1524 literis
1770 1461 1983 1522 totam
2014 1463 2285 1521 aetatem
2305 1459 2567 1542 impen-

375 1555 655 1622 derunt:
697 1557 899 1622 etiam
941 1575 1198 1622 errores
1229 1558 1432 1622 istius
1461 1558 1587 1622 viri
1620 1557 1937 1642 quiddam
1970 1558 2292 1624 eruditius
2320 1561 2567 1626 habent

375 1675 572 1740 quam
624 1658 904 1722 aliorum
951 1655 1326 1742 ὃιορθῶματα.
1419 1658 1506 1724 Et
1547 1659 1617 1723 in
1658 1661 2063 1739 universum,
2093 1662 2222 1727 hoc
2252 1651 2444 1745 quasi
2476 1679 2567 1726 ex

375 1759 618 1825 Phoebi
645 1760 916 1843 tripode
945 1759 1218 1826 effatum
1249 1781 1479 1824 sumet
1543 1759 1911 1843 Nunquam
1958 1761 2364 1826 interituram
2413 1781 2568 1826 esse

374 1881 599 1927 veram
632 1860 1112 1938 Eruditionem,
1139 1861 1356 1926 donec
1385 1861 1716 1926 Gronovii
1744 1860 1977 1945 Opera
1996 1864 2309 1944 legentur.

460 1962 554 2027 At
578 1962 1028 2047 periculosum
1070 1969 1216 2025 erat
1259 1981 1304 2025 a
1347 1967 1538 2026 tanto
1581 1961 1731 2024 viro
1763 1960 2143 2026 dissentire.
2233 1961 2391 2028 Erat
2420 1965 2567 2046 qni:-

373 2065 564 2129 dem:
629 2063 781 2142 sed,
809 2066 1096 2146 utputo,
1149 2063 1392 2128 ducem
1436 2062 1765 2126 rationem
1808 2063 2179 2146 sequebar3
2224 2066 2419 2148 cujus
2446 2067 2565 2144 rei,

373 2173 470 2242 tu,
498 2164 773 2241 Lector,
803 2165 1200 2228 constitutus
1229 2183 1306 2228 es
1325 2164 1564 2248 jadex.
1640 2163 1726 2227 Et
1754 2164 1918 2246 qnid
1942 2165 2225 2230 facerem
2248 2168 2279 2228 ‘l
2358 2166 2571 2244 Hine,

373 2273 451 2332 ut
477 2266 642 2330 mihi
685 2264 1059 2342 videbatur,
1107 2267 1290 2330 stetit
1329 2265 1619 2345 veritas;
1685 2266 1894 2341 illinc,
1928 2265 2355 2338 Gronoviusz
2401 2284 2571 2332 anne

375 2367 664 2432 difficilis
693 2365 938 2432 electio
957 2368 988 2430 ²
1051 2365 1399 2431 Gronovio
1441 2372 1639 2446 certe,
1682 2367 2109 2449 quantumvis
2139 2385 2400 2448 magno,
2430 2383 2575 2433 mas

365 2470 474 2554 jor
517 2470 787 2535 veritas.
877 2468 1027 2533 Nec
1073 2470 1368 2553 cuipiam
1411 2488 1704 2552 unquam
1750 2468 1969 2533 fraudi
2018 2467 2146 2533 fuit
2173 2489 2215 2533 a
2242 2471 2569 2552 quopiam

377 2591 530 2637 cum
556 2572 820 2637 ratione
863 2570 1301 2649 dissensisse3
1344 2570 1715 2654 praesertim
1744 2570 1815 2634 in
1852 2569 1959 2635 his
2000 2570 2282 2649 studii33
2326 2571 2397 2633 in
2423 2572 2573 2653 qui-

375 2674 504 2738 bus
531 2692 668 2737 non
700 2670 788 2736 ad
818 2671 1165 2736 formulam
1223 2672 1667 2755 astringimur,
1694 2678 1765 2737 et
1810 2671 1985 2735 idem
2025 2670 2144 2754 jus
2170 2678 2279 2733 est
2309 2668 2569 2735 Maevio

377 2774 558 2858 quod
582 2774 808 2839 Titio:
857 2773 1036 2837 absit
1062 2773 1264 2838 modo
1302 2773 1472 2839 livor
1523 2782 1594 2837 et
1641 2772 2053 2856 petulantia3
2099 2789 2379 2855 qnorum
2411 2790 2571 2836 cau-

377 2894 491 2939 m
517 2874 754 2959 procul
784 2874 1020 2939 habeo.
1113 2873 1340 2939 Etiam
1391 2875 1479 2939 ab
1528 2875 1679 2957 ipso
1734 2870 2024 2937 Heinsio
2073 2871 2453 2955 saepissime
2498 2874 2571 2936 in

375 2974 509 3040 hoc
535 2994 742 3059 opere
771 2974 1144 3040 dissentio:
1191 2996 1320 3041 nec
1343 2983 1560 3041 tamen
1577 2979 1931 3061 propterea
1952 2974 2065 3039 vel
2084 2972 2169 3038 de
2198 2972 2317 3037 illo
2345 2972 2567 3057 pejuS,

377 3076 486 3141 vel
515 3076 600 3141 de
625 3077 888 3158 meipso
917 3075 1158 3141 melius
1185 3076 1521 3141 existimo.
2474 3150 2480 3154 ,

463 3176 690 3241 Moles
724 3176 926 3261 hujus
968 3177 1334 3243 voluminis
1371 3177 1634 3242 obstitit
1675 3194 1813 3259 quo
1854 3174 2074 3238 minus
2106 3172 2365 3238 ederem
2394 3194 2570 3257 prae-

377 3279 630 3343 claram
674 3278 845 3343 hanc
891 3277 1218 3343 Gronovii
1269 3279 1641 3356 Diatriben‚
1696 3275 1924 3361 (cujus
1968 3275 2377 3357 exemplaria
2420 3275 2571 3359 jam

377 3379 624 3442 rariora
651 3376 862 3461 sunt,)
889 3384 960 3443 et
995 3378 1194 3443 simul
1238 3379 1650 3461 Papinianus
1688 3376 2045 3441 Lectiones
2072 3374 2237 3439 Jani
2268 3374 2572 3456 Casperii

378 3477 698 3557 Gevartii,
757 3478 1204 3543 cultissimum
1253 3496 1450 3563 opuS,
1497 3483 1570 3541 et
1622 3475 1919 3541 Eruditis
1962 3478 2127 3539 bene
2170 3482 2437 3539 notum:
2504 3476 2573 3537 et

377 3580 538 3644 licet
575 3578 942 3645 Gevartius
971 3581 1038 3646 in
1083 3598 1154 3644 re
1197 3580 1437 3646 critica
1463 3576 1629 3643 nihil
1658 3573 1861 3640 fuerit
1886 3575 1973 3638 ad
2002 3574 2439 3651 Gronovium,
2470 3575 2571 3637 fe-

377 3679 594 3746 liciter
617 3684 844 3745 tamen
886 3682 958 3745 in
1005 3682 1135 3745 hoc
1179 3700 1386 3765 opere
1428 3683 1741 3745 versatus
1786 3682 1915 3751 est,
1956 3680 2025 3737 et
2070 3673 2351 3738 Statium
2378 3674 2571 3737 lucu·

373 3782 584 3847 lenter
611 3783 1011 3866 explicavit,
1042 3788 1112 3848 et
1138 3802 1270 3847 non
1301 3801 1452 3847 raro
1498 3776 1921 3845 emendavit:
1988 3779 2062 3838 ut
2090 3774 2371 3857 proinde
2396 3774 2575 3840 mul-

377 3892 520 3949 tum
566 3884 670 3951 illi
713 3883 1004 3949 debeant
1062 3885 1457 3969 Papinianae
1518 3882 1779 3947 Literae.
1868 3876 2129 3942 Barthii
2187 3876 2569 3943 Editionem

377 3986 584 4051 Statii
609 3985 904 4051 nondum
933 3986 1106 4051 vidi:
1173 3992 1430 4069 septem
1475 3989 1701 4048 tamen
1745 3977 1854 4044 vel
1885 3984 2041 4044 octo
2064 3977 2569 4043 emendationes

376 4088 566 4171 (quae
621 4088 694 4153 in
754 4084 931 4154 Edit.
985 4088 1254 4153 Varior.
1305 4078 1781 4166 occurrebant)
1821 4098 2065 4166 parvas
2117 4078 2417 4163 quidem,
2446 4079 2569 4143 sed

377 4187 818 4265 indubitatae,
849 4188 1112 4252 admisi.
1200 4188 1610 4262 BernartiuS,
1644 4182 1992 4260 Motellus,
2037 4179 2359 4259 Cruceus,
2380 4182 2571 4265 quic-
