3200 4913
564 336 695 404 384

1320 353 1381 402 Ρ.
1432 351 1720 400 rammi
1769 349 2020 401 STATn

524 533 533 536 -
567 495 804 579 Usque
832 515 1086 578 premo.
1173 494 1313 560 Ter
1338 516 1449 560 me
1480 497 1709 560 nitidis
1743 496 2010 561 Albana
2039 463 2358 562 feren-tem

564 597 772 662 Dona
799 596 1031 674 comis,
1060 603 1423 681 sanctoque
1448 597 1754 662 indutum
1786 598 2074 662 Caesaris
2105 617 2270 663 auro

565 698 961 764 Visceribus
991 699 1351 782 complexa
1378 701 1551 780 tuis;
1582 701 1908 784 sertisque
1937 700 2176 764 dedisti

1395 799 1527 878 Tu,
1556 820 1708 866 oum
1740 799 2084 884 Capitolia
2115 808 2356 864 nostrae

572 799 829 878 Oscula
856 800 1091 864 anhela
1122 799 1307 862 meiS.

2673 699 2762 764 30

572 900 889 966 Inficiata
912 902 1098 982 lyrae,
1126 919 1387 966 saevum
1414 904 1879 987 ingratumque
1906 903 2186 967 dolebas

576 1079 669 1129 Ter
691 1095 763 1131 ιιιε
782 1083 1025 1144 complexu
1046 1096 1096 1130 es
1116 1082 1167 1130 ιἰι
1186 1083 1297 1132 siau
1318 1088 1397 1131 tao
1415 1088 1682 1143 gestantem
1702 1083 1889 1134 Albana
1909 1099 2102 1135 manem
2129 1085 2340 1148 fulgidis
2356 1086 2559 1149 capillis,
2578 1089 2626 1135 et
2642 1085 2768 1133 redi-

570 1147 738 1192 mitam
750 1161 889 1194 sacru
908 1160 1053 1195 aurea
1070 1161 1239 1195 corona
1259 1162 1290 1194 ιι
1315 1149 1503 1196 Caenrre
1522 1151 1716 1207 donato,
1737 1154 1783 1197 et
1805 1149 2031 1198 anhelam
2047 1153 2252 1198 osculatu
2273 1166 2322 1200 es
2339 1167 2442 1199 meu
2462 1155 2610 1201 serta.
2679 1149 2770 1208 Ta,

572 1224 683 1258 cam
696 1211 945 1272 proemium
970 1211 1230 1273 Capitolini
1248 1210 1524 1261 conaminis
1556 1214 1845 1274 denegatum
1881 1219 1950 1262 eat
1973 1229 2087 1264 mea·
2123 1217 2260 1278 lym,
2281 1229 2460 1264 mecum
2487 1216 2613 1264 victa
2633 1213 2768 1262 ἰιισιι-

1490 1353 1849 1375 ΟΜΟΟΜΜ

575 1449 639 1495 28
675 1445 793 1495 Nic.
818 1444 1063 1495 Heinsius
1098 1447 1225 1496 Not.
1249 1444 1312 1494 ad
1338 1445 1606 1496 Claudian.
1642 1449 1694 1496 in
1719 1447 1890 1498 Rufin.
1917 1461 1955 1497 ι.
1977 1451 2060 1498 37.
2085 1449 2404 1498 hseclnabett

2437 1447 2628 1512 ‘Apud
2651 1448 2770 1496 Sta-

578 1511 705 1558 tium
726 1510 863 1573 sylv.
890 1511 981 1559 lib.
1006 1524 1090 1560 ιιι.
1115 1511 1179 1558 ad
1204 1522 1444 1559 uxorem:
1469 1516 1544 1560 ter
1564 1526 1638 1560 me
1657 1513 1850 1562 vic-trid
1869 1513 2160 1572 Albuaafev·
2157 1519 2309 1562 enlm
2331 1514 2476 1564 Serta
2507 1527 2656 1576 coma,
2688 1514 2770 1573 dfe.

576 1573 831 1636 quomodo
850 1575 1199 1624 restituendus
1217 1575 1303 1622 ille
1320 1575 1506 1623 locus
1542 1575 1696 1638 vulgo
1719 1577 1994 1628 scribitur.
2031 1583 2105 1626 ter
2133 1593 2207 1626 me
2239 1578 2407 1627 vidi-vti
2439 1578 2508 1627 A.
2541 1577 2589 1636 f.
2631 1577 2772 1626 Serta

575 1652 759 1687 eomes.-

578 1703 709 1749 tium
728 1702 994 1764 scripsisse
1018 1717 1127 1751 sum
1145 1708 1338 1751 certus.

792 1639 841 1686 iu
868 1639 978 1686 aliis
998 1638 1152 1689 codd.
1174 1644 1255 1688 est
1275 1639 1447 1687 nitidis
1475 1639 1544 1687 A.
1566 1639 1619 1698 s.
1646 1639 1702 1689 S.
1743 1655 1930 1698 comm
1961 1642 2054 1689 sed
2073 1641 2344 1690 victriciA.
2357 1643 2404 1702 f.
2429 1643 2486 1691 S.
2507 1655 2636 1690 como
2657 1641 2772 1689 Sta·

1404 1703 1475 1751 Et
1495 1703 1569 1751 sic
1598 1704 1725 1766 legit
1755 1704 1916 1753 etiam
1937 1705 1989 1753 in
2014 1703 2236 1754 Advers.
2278 1706 2370 1756 lib.
2395 1719 2458 1755 ιι.
2496 1721 2610 1768 cap.
2630 1709 2680 1753 7.
2717 1717 2770 1766 p.

577 1769 691 1814 260.
756 1767 934 1815 Codex
972 1775 1120 1814 vetus
1158 1767 1318 1830 Lipsii
1347 1779 1464 1815 cum
1504 1765 1684 1816 Par-m.
1717 1768 1900 1818 nitidas
1934 1771 1999 1819 A.
2014 1770 2064 1829 f.
2083 1769 2142 1818 S.
2163 1785 2332 1821 comus.
2398 1769 2534 1819 Vide
2577 1769 2772 1832 Syllog-

576 1829 745 1890 Epist.
769 1831 915 1878 Τοιιι.
940 1843 1004 1879 ιι.

576 1894 753 1942 multis
774 1895 925 1944 codd.
959 1895 1167 1943 nitidis.

1031 1845 1083 1892 p.
1100 1835 1182 1880 29.
1226 1831 1296 1878 Et
1318 1831 1394 1879 sic
1414 1829 1583 1880 edidit
1604 1831 1919 1882 Gronovius.
1940 1834 2091 1883 Rom.
2109 1843 2214 1883 vet.
2243 1833 2771 1897 Lindeubrogii,cum

1228 1895 1433 1952 ,σοιιιίες
1468 1896 1599 1945 Exe.
1639 1895 1826 1945 Heius.
1857 1903 1932 1946 ter
1964 1913 2038 1945 me
2077 1897 2241 1946 vidisti
2275 1897 2340 1946 A.
2347 1899 2400 1958 s.
2425 1899 2570 1947 Serta
2590 1911 2775 1952 comes:

579 1955 737 2006 Aldd.
761 1959 927 2007 Coliu.
948 1959 1149 2022 Gryph.
1176 1959 1338 2008 Basil.
1358 1963 1458 2008 διο.
1492 1965 1568 2008 ter
1587 1973 1662 2009 me
1679 1959 1934 2010 vidistiA.
1948 1962 1998 2021 f.
2025 1963 2345 2014 Donacmnes.

2402 1963 2648 2012 Nostram
2670 1961 2776 2008 lec-

576 2021 768 2071 tionem
786 2022 1041 2072 dederunt
1056 2023 1402 2086 Lindenbrog.
1426 2025 1583 2074 Cruc.
1609 2024 1779 2077 Plant.
1801 2028 1901 2077 &m
1905 2030 2036 2075 —82
2061 2027 2234 2076 Parm·
2255 2027 2774 2088 mammarumque

1570 2144 1784 2196 NOTAE

580 2274 733 2324 quam
773 2258 837 2308 ab
870 2255 1132 2322 impudica
1168 2258 1395 2307 adulteri
1436 2263 1637 2308 mutan-

582 2335 705 2382 tur!
770 2334 1118 2396 Propertius:
1173 2333 1189 2359 ⁴
1220 2333 1435 2382 Mutare
1474 2332 1640 2382 domi-

578 2407 734 2459 nam?
800 2410 815 2434 ‘
840 2407 1052 2458 Mutare
1078 2405 1337 2469 puellam.'

642 2490 709 2535 28
746 2488 837 2536 Tev·
877 2502 951 2537 me
991 2484 1161 2535 nitidis
1190 2486 1378 2535 Albana
1399 2487 1640 2547 serentem

580 2566 724 2616 Dona
752 2565 912 2627 comis,
931 2570 1179 2628 sanctoque
1194 2566 1411 2614 indutum
1435 2566 1641 2637 Coesaris

580 2642 721 2705 auro]
755 2642 829 2691 Ut
870 2642 1013 2691 locus
1052 2641 1132 2691 bic
1168 2641 1509 2705 intelligatur,
1550 2656 1640 2692 no-

584 2717 797 2767 tandum
828 2724 926 2779 est,
961 2716 1317 2767 Domitianum
1355 2716 1642 2767 instituisse

579 2796 799 2845 eximias
845 2794 1162 2855 venationes,
1198 2800 1255 2842 et
1294 2793 1528 2843 scenicos
1566 2792 1642 2841 lu-

582 2870 702 2934 dos,
736 2884 995 2933 superque
1029 2870 1309 2919 oratorum
1350 2882 1413 2917 ae
1448 2868 1644 2918 Poeta·

581 2960 691 2993 rum
715 2946 1016 3006 certamina,
1033 2946 1085 2993 in
1106 2946 1349 2994 bonorem
1375 2945 1646 3009 Minervae,

584 3024 737 3086 cnjus
769 3024 1048 3087 quotannis
1082 3025 1133 3072 in
1160 3024 1361 3073 Albano
1396 3025 1646 3090 quinqua-

586 3100 687 3149 tria
710 3099 1029 3150 celebrabat.
1096 3100 1161 3149 In
1181 3101 1260 3149 bis
1278 3106 1450 3149 autem
1474 3108 1646 3150 certa·

586 3173 834 3237 minibus,
854 3187 1047 3224 corona
1072 3174 1310 3237 oleagina
1332 3188 1507 3237 aurea,
1527 3188 1645 3238 quae

585 3254 701 3299 erat
718 3249 971 3298 victorum
990 3248 1283 3312 praeuniuun,
1295 3246 1519 3297 donatus
1532 3247 1646 3299 fue·

586 3332 669 3375 rat
691 3325 957 3389 Papinius.
1026 3324 1217 3374 Nitidis
1245 3324 1411 3387 comis]
1440 3325 1650 3375 Flaves·

585 3401 825 3451 centibus
846 3400 957 3450 sive
978 3401 1283 3451 nitentibus.
1336 3400 1493 3463 Auro]
1532 3402 1649 3465 Est,

588 3492 781 3527 corona
802 3478 1032 3541 oleagina
1054 3490 1228 3540 aurea,
1252 3492 1282 3526 a
1316 3476 1529 3527 Caesare
1554 3477 1647 3525 do-

588 3560 733 3603 nata.

652 3633 716 3677 30
754 3626 1031 3691 Complexo]
1088 3627 1283 3691 Supple
1324 3641 1399 3677 es.
1471 3628 1648 3677 Oscula

584 3702 775 3765 anhela]
809 3701 872 3751 Id
910 3708 1009 3765 est,
1045 3702 1235 3765 calida,
1272 3701 1446 3766 qualia
1472 3714 1648 3753 aman·

587 3777 717 3827 tium
737 3784 794 3826 et
814 3775 1171 3841 gendentium.

653 3858 717 3903 sl
745 3854 835 3911 Ίὶι,
853 3868 959 3901 cum
976 3854 1216 3917 Capitolia
1234 3860 1409 3903 nostre
1430 3854 1650 3919 [inficiata

592 3933 731 3994 lyra,
770 3928 880 3993 ξω]
919 3928 1234 3980 Instituerat
1274 3930 1431 3980 etiam
1475 3930 1651 3981 Domi-

590 4005 761 4055 tianus
796 4005 1183 4069 quinquennale
1221 4012 1487 4055 certamen
1524 4006 1648 4058 Jovi

590 4080 883 4143 Capitolino
916 4081 1128 4145 triplex,
1166 4082 1435 4143 musicum,
1464 4094 1647 4145 eques-

589 4161 697 4217 tre,
718 4158 1034 4219 gymnicum,
1057 4164 1113 4209 et
1146 4158 1408 4224 aliquanto
1426 4158 1648 4221 plurium

1717 2273 2040 2312 coronarum.
2107 2261 2398 2313 Certabant
2438 2264 2600 2314 etiam
2643 2266 2779 2316 Poe·

1719 2345 1789 2387 ιιι»,
1817 2345 2172 2401 oratoresque.
2239 2338 2358 2388 Hoc
2381 2347 2553 2389 autem
2577 2341 2629 2390 lu
2665 2357 2780 2392 cer-

1719 2415 1915 2465 tamine
1947 2414 2115 2464 victus
2148 2411 2251 2463 fuit
2285 2415 2553 2480 Papinius,
2575 2417 2640 2467 de
2675 2432 2780 2483 quo

1718 2490 1873 2539 etiam
1894 2490 2129 2553 queritur
2145 2489 2196 2538 iu
2217 2488 2470 2552 Epicedio
2487 2491 2539 2539 in
2558 2498 2783 2556 patrem.

1723 2564 1987 2628 Capitolia]
2017 2565 2214 2628 Supple
2248 2578 2457 2629 corona,
2475 2581 2590 2631 quae
2625 2567 2678 2616 in
2704 2568 2784 2618 bis

1721 2640 1855 2689 ludis
1878 2640 2100 2689 dabatur
2123 2640 2426 2691 victoribus.

1786 2718 1850 2764 82
1885 2715 2075 2765 Soeram
2099 2715 2435 2781 ingratamque
2470 2718 2655 2767 dolebas
2675 2720 2783 2767 Me·

1723 2806 1828 2839 cum
1848 2793 1976 2839 victu
1995 2791 2186 2854 Jovem]
2217 2792 2306 2841 Sic
2344 2790 2411 2841 de
2433 2790 2554 2841 Diis
2589 2795 2785 2844 sentie-

1727 2866 1850 2917 bant
1865 2874 2086 2930 veteres,
2107 2868 2149 2916 si
2174 2868 2295 2932 quid
2318 2882 2465 2918 secus
2489 2884 2640 2933 quam
2663 2884 2807 2933 spe--

1726 2941 1913 2992 rabant
1946 2943 2068 3007 ipsis
2107 2944 2463 3008 contingebat,
2502 2953 2560 2995 ut
2592 2946 2781 3010 sepius

1725 3018 1962 3067 diximus.
2027 3018 2216 3067 Mecum
2236 3018 2388 3081 vieta]
2423 3020 2504 3069 Ex
2534 3021 2632 3071 boc
2671 3022 2782 3070 loco

1727 3102 1949 3159 apparet
1993 3094 2260 3144 Claudiam
2304 3109 2516 3144 uxorem
2558 3094 2780 3159 poetica

1725 3184 1922 3233 operae,
1945 3184 2045 3219 uon
2071 3172 2234 3220 solunt
2258 3176 2447 3221 testem
2472 3172 2564 3220 sed
2587 3178 2642 3221 et
2665 3186 2782 3235 par-

1727 3246 1942 3309 ticipem
1961 3245 2142 3310 fuisse,
2159 3249 2587 3313 quemadmodum
2607 3249 2784 3311 plnres

1701 3322 1969 3371 .mulieres
1998 3324 2104 3371 suis
2139 3324 2263 3373 viris
2297 3324 2348 3373 in
2388 3322 2640 3373 faciendis
2672 3337 2784 3373 ora-

1727 3395 1955 3447 tionibus
1975 3399 2306 3463 versibusque
2339 3413 2488 3462 opem
2515 3399 2704 3457 tulere,
2726 3404 2786 3447 ut

1728 3470 1895 3523 refert
1933 3474 2174 3524 Sidonius
2209 3473 2440 3537 Apollin.
2479 3474 2571 3524 lib.
2597 3487 2660 3523 ιι.
2685 3476 2782 3537 Ep.

1729 3552 1810 3597 10.
1875 3552 1890 3576 ‘
1932 3549 2271 3613 Memineris,'
2313 3550 2403 3613 ait,
2437 3550 2454 3577 ‘
2478 3552 2616 3615 quod
2661 3551 2782 3599 olim

1727 3624 1924 3675 Martia
1967 3624 2268 3686 Hortensio,
2308 3625 2558 3674 Terentia
2597 3624 2785 3687 Tullio,

1727 3699 2008 3763 Calpurnia
2021 3700 2214 3762 Plinio,
2228 3698 2529 3750 Pudentilla
2545 3696 2787 3765 Apuleio,

1727 3775 2033 3826 Rusticiana
2096 3778 2424 3841 Symmacho,
2498 3777 2787 3840 legentibus

1727 3851 2202 3917 meditantibusque
2228 3851 2472 3902 candelas
2503 3866 2564 3902 ac
2597 3852 2787 3901 cande-

1729 3927 1877 3978 labra
1892 3934 2186 3978 tenuerunt.
2198 3961 2211 3976 .
2225 3959 2240 3975 .
2261 3926 2636 3991 Reminiscere,
2647 3926 2784 3992 quod

1729 4017 1870 4068 saepe
1886 4017 2087 4052 versum
2103 4002 2332 4054 Corinna
2343 4018 2458 4053 cum
2472 4017 2564 4052 suo
2581 4004 2787 4053 Nasone

1729 4078 2032 4142 complevit,
2057 4078 2242 4127 Lesbia
2273 4094 2391 4129 cum
2425 4080 2652 4141 Catullo,
2675 4080 2787 4129 Ca·

1725 4155 1908 4207 sennia
1927 4168 2044 4205 cum
2057 4153 2322 4218 Getulico,
2341 4154 2652 4218 Argentaria
2671 4168 2786 4205 cum
