3200 4913
559 376 692 447 3136

1237 442 1242 449 ‚
1305 391 1368 438 Ρ.
1414 387 1703 437 Parnm
1752 388 2002 443 svam!

559 534 854 601 Verbera
879 490 1208 600 succincti
1235 530 1677 597 formidavere
1704 529 2015 614 Luperci.

549 704 644 771 filo
681 708 842 756 ium.-
872 710 921 755 et
955 704 1070 755 sudi
1105 702 1310 769 Luperci
1334 702 1853 754 voldetimenutttua
1874 702 2094 767 flogella.
2166 702 2232 752 Et
2263 700 2539 763 sancsone
2568 714 2629 751 ss
2656 700 2753 751 illa

1458 840 1822 866 ww&

563 944 810 995 Heinsius
833 944 901 997 ad
919 944 1078 997 Ovid.
1101 946 1244 997 Fast.
1266 959 1318 997 v.
1341 948 1454 997 1⁰2.
1473 950 1531 996 et
1551 942 1839 995 inAdvers.
1859 941 1951 995 lib.
1970 955 2047 993 iv.
2068 956 2187 1007 cap.
2206 945 2259 991 4.
2280 955 2337 1005 p.
2356 944 2475 993 ⁶8⁰.
2498 939 2711 1005 conjicit
2732 954 2751 991 ε

1516 1071 1731 1124 No'rAE

562 1170 642 1220 nis
681 1170 812 1220 ritus
850 1183 1108 1221 sacrorum
1147 1170 1363 1231 invecti,
1405 1176 1462 1220 et
1498 1168 1618 1236 quia

562 1248 750 1299 AEneas
779 1246 1036 1312 Phrygius
1074 1253 1236 1311 caput
1273 1248 1448 1297 velare
1479 1246 1618 1297 inter

564 1322 958 1375 sacrificandum
1008 1323 1272 1385 instituit3
1319 1322 1458 1373 unde
1506 1337 1616 1373 mos

563 1398 823 1460 inductus,
847 1406 908 1450 ut
927 1396 1158 1448 flamines
1179 1398 1269 1447 filo
1289 1398 1440 1448 laneo
1457 1404 1619 1461 eaput

563 1474 882 1525 redimireut.
938 1472 1102 1524 Lan-ea
1119 1473 1271 1537 conia]
1293 1474 1450 1525 Coma
1468 1474 1618 1523 laneo

563 1548 651 1601 filo
683 1548 940 1599 redimita.
993 1550 1066 1599 Et
1083 1554 1168 1599 tua
1187 1551 1385 1599 multum
1412 1548 1619 1600 Verbera

561 1625 790 1675 mincii
808 1624 1128 1685 somtidsoerc
1148 1622 1374 1689 Luperci]
1417 1626 1480 1676 Id
1511 1632 1645 1690 ests

563 1702 811 1765 Luperci,
853 1700 941 1768 qui
977 1701 1230 1753 succincti
1269 1702 1494 1767 pellibus
1531 1718 1615 1753 so-

563 1778 676 1827 lent
717 1790 947 1839 currere,
995 1776 1276 1843 obviosque
1317 1777 1615 1841 verberare,

564 1854 854 1904 timuerunt
875 1858 962 1902 tua
984 1852 1222 1915 verbera,
1255 1852 1376 1903 dum
1414 1868 1501 1904 eos
1523 1854 1615 1903 do-

563 1929 738 1979 cebas.
805 1928 1033 1991 Luperci
1055 1942 1176 1978 vero
1197 1934 1348 1979 eraut
1381 1928 1506 1979 nudi
1531 1931 1619 1981 lio·

565 2006 750 2065 mines,
785 2004 872 2069 qui
895 2004 946 2053 in
967 2005 1336 2068 Lupercalibus
1359 2005 1619 2056 discurre-

567 2080 698 2129 baut
719 2094 811 2143 per
832 2071 1031 2143 urbem,
1063 2087 1119 2130 et
1155 2081 1334 2131 obvios
1370 2096 1620 2147 quosque,

567 2155 855 2219 prasertim
887 2152 1141 2216 foeminas,
1171 2156 1381 2207 scuticis
1412 2171 1480 2205 ex
1518 2157 1620 2208 dis·

567 2231 726 2281 sectis
780 2232 1000 2296 pellibus
1047 2229 1196 2282 factis
1245 2233 1619 2283 verberabant:

569 2306 883 2371 inductaque
903 2308 1098 2371 opinio,
1129 2308 1395 2359 mulierem
1424 2306 1621 2360 foecun-

569 2381 686 2432 dam
725 2382 895 2443 reddi,
926 2384 971 2431 si
1009 2383 1110 2447 illig
1147 2385 1474 2435 currentibus
1508 2387 1619 2451 pal-

567 2472 677 2508 mas
709 2455 998 2523 obtulisset,
1029 2466 1085 2509 et
1112 2473 1288 2510 eorum
1319 2461 1620 2514 verberibus

569 2525 818 2599 percussa
859 2533 1056 2584 fuisset.
1122 2534 1276 2586 Unde
1317 2536 1618 2591 Juvenslisz

569 2601 587 2638 ³
609 2609 724 2660 Nec
757 2609 881 2676 agili
913 2611 1127 2676 prodest
1163 2612 1355 2676 palmus
1383 2613 1619 2677 prrebere

569 2683 848 2750 Luperco.'
890 2685 1110 2745 Ovidius
1130 2687 1271 2738 Fut.
1294 2702 1359 2739 n.
1384 2689 1403 2717 ‘
1421 2689 1620 2755 Nupta,

568 2761 691 2828 quid
736 2763 1024 2826 expectas?
1061 2777 1164 2814 nou
1207 2770 1264 2816 tu
1305 2765 1621 2830 pollentibus

567 2839 763 2902 herbis,
796 2841 912 2890 Nec
944 2855 1123 2906 prece,
1157 2856 1256 2893 nec
1287 2843 1486 2908 magico
1509 2858 1621 2894 car·

569 2915 708 2963 mine
746 2921 910 2964 mater
947 2917 1065 2966 eris.
1129 2917 1328 2982 Excipe
1367 2917 1621 2970 foecundae

566 2989 830 3052 patienter
850 2989 1069 3040 verbera
1097 2991 1318 3054 dextro,
1335 2992 1455 3045 Jam
1475 3007 1625 3044 socer

569 3070 802 3128 optatum
822 3078 1007 3113 nomen
1030 3065 1236 3116 babebit
1253 3068 1375 3116 avi.'
1417 3069 1500 3117 De
1523 3069 1623 3119 Lu·

569 3137 853 3204 percalium
904 3139 1100 3204 origine
1147 3155 1249 3189 non
1293 3145 1625 3204 consentiunt

569 3220 825 3265 auctores.
888 3213 1156 3277 Nonnulli,
1195 3223 1254 3266 ut
1289 3215 1625 3286 Plutarchus,

570 3291 877 3356 Dionysius,
899 3291 1096 3354 Livius,
1111 3291 1178 3342 ab
1200 3292 1444 3346 Evandro
1466 3295 1625 3346 allata

479 3425 484 3430 ,
571 3369 627 3418 in
666 3369 870 3418 Italiam
907 3368 1022 3418 haec
1045 3382 1193 3418 sacra
1218 3367 1462 3422 referunt.
1523 3373 1628 3422 Va·

572 3444 730 3495 letius
763 3443 1018 3495 Maximus
1057 3445 1296 3495 instituta
1327 3461 1358 3495 a
1409 3445 1626 3498 Romulo

574 3521 862 3586 Remoque,
885 3528 1097 3585 propter
1119 3521 1294 3571 datam
1321 3521 1420 3572 sibi
1453 3534 1626 3586 potes·

572 3608 738 3650 tatem
781 3599 846 3648 ab
887 3613 982 3648 avo
1027 3599 1302 3650 Numitore
1338 3602 1623 3652 condenda

573 3675 711 3726 urbis
752 3675 802 3724 iu
849 3674 1090 3724 Palatino
1134 3683 1327 3725 monte.
1403 3675 1649 3730 ovidius·

574 3765 697 3802 vero
731 3751 783 3800 in
807 3751 974 3801 Fastis
1006 3751 1133 3801 dicit
1159 3753 1413 3802 Romanos
1435 3768 1625 3805 memo·

571 3843 653 3878 res
685 3825 920 3877 beneficii
955 3827 1054 3877 sibi
1091 3829 1314 3893 prestiti
1351 3845 1382 3878 a
1415 3831 1539 3894 lupa
1572 3832 1626 3881 in

573 3902 770 3952 alendis
791 3899 1075 3952 infantibus
1099 3901 1320 3954 Romulo
1353 3911 1406 3953 et
1442 3905 1624 3970 Remo,

573 3978 822 4042 templum
843 3977 920 4027 illi
941 3976 1235 4028 condidisse
1256 3979 1320 4028 sd
1343 3978 1494 4031 ficum
1513 3981 1623 4032 Ru·

571 4055 829 4116 minalem,
866 4053 1005 4119 quod
1043 4061 1124 4104 est
1163 4056 1476 4120 appellatum
1519 4057 1624 4108 Lu·

577 4130 764 4190 percal.
829 4129 916 4179 Sic
939 4130 1076 4180 enim
1097 4131 1203 4181 uit:
1239 4133 1256 4160 ‘
1273 4131 1376 4182 Illa
1397 4133 1511 4184 loco
1533 4148 1625 4184 uo·

574 4215 692 4254 meu
715 4201 861 4268 fecit,
878 4204 1020 4255 locus
1043 4205 1153 4270 ipse
1179 4207 1443 4271 Lupercal.
1475 4209 1623 4274 Mag·

1694 1180 1765 1216 na
1799 1166 1911 1216 dati
1948 1165 2121 1216 nutrix
2144 1166 2355 1231 praemia
2374 1165 2525 1216 lactis
2549 1164 2754 1233 babet!

1694 1242 1899 1305 Templi
1932 1242 2081 1305 buius
2116 1241 2411 1293 sacerdotes
2444 1240 2755 1293 dicebantur

1698 1316 1925 1381 Luperci
1947 1324 2157 1367 auctore
2178 1318 2435 1379 Varrone,
2468 1323 2522 1366 et
2551 1315 2753 1367 discur-

1696 1394 1881 1443 rebant
1900 1407 1995 1458 per
2013 1394 2152 1443 vicos
2170 1401 2225 1443 et
2243 1393 2484 1458 compita,
2499 1406 2563 1442 eo
2578 1393 2757 1455 modo,

1696 1484 1798 1535 qno
1818 1470 2053 1519 diximus.
2107 1469 2261 1519 Unde
2284 1478 2339 1519 et
2372 1470 2389 1497 ‘
2404 1467 2635 1534 Crepos’
2660 1483 2751 1517 vo-

1694 1550 1781 1595 cat
1822 1546 2005 1595 Festus
2042 1558 2075 1595 a
2114 1544 2319 1609 crepitu
2374 1544 2748 1609 pellicularum.

1694 1621 1801 1673 Sed
1846 1628 2038 1685 pretor
2086 1622 2413 1685 Sacerdotes,
2466 1622 2753 1673 currebant

1694 1698 1784 1765 qui
1798 1699 2060 1761 volebant,
2075 1707 2181 1748 tam
2194 1698 2308 1759 viri,
2321 1712 2475 1762 quain
2488 1699 2753 1760 mulieres,

1697 1782 1755 1824 ut
1777 1774 1843 1823 de
1865 1774 2093 1825 Autouio
2124 1764 2309 1825 scribit
2342 1775 2653 1824 Plutarchus
2690 1776 2749 1823 iu

1695 1852 1812 1915 ejus
1832 1853 1956 1902 vita.
2024 1851 2141 1902 Hoc
2160 1850 2352 1900 festum
2374 1850 2627 1914 agebatur
2646 1862 2751 1901 xv.

1698 1926 1819 1979 Kal.
1858 1926 2021 1978 Mart.
2060 1940 2338 1992 eorumque
2372 1926 2509 1977 diem
2545 1925 2754 1977 februa·

1700 2013 1805 2057 tam
1826 2015 2030 2058 veteres
2054 2006 2314 2057 dixerunt.
2355 2007 2424 2057 Et
2444 2006 2756 2070 Luper-mua.

1699 2083 1887 2133 stativs
1924 2090 2092 2145 erant,
2128 2088 2189 2133 ut
2224 2081 2495 2146 Agonalia,
2530 2088 2588 2131 et
2625 2081 2755 2131 cn·-

1698 2152 1963 2221 mentalis,
2014 2166 2151 2209 teste
2192 2156 2479 2210 Macrobio.
2566 2154 2758 2206 Plures

1698 2242 1873 2285 autem
1885 2241 2033 2284 eraut
2048 2236 2399 2299 Lupercorum
2416 2230 2720 2283 sodalitates
2736 2246 2755 2282 ε

1698 2325 1801 2361 una
1826 2310 2120 2372 Fabiorum,
2152 2310 2255 2359 alia
2273 2308 2663 2371 Quintiliorum,
2698 2312 2761 2359 et

1700 2386 1777 2437 bai
1799 2386 2165 2451 antiquissime
2190 2402 2203 2435 :
2238 2384 2414 2435 addita
2449 2388 2629 2449 postea
2658 2384 2758 2435 Ju-

1699 2465 1879 2514 liorum
1913 2479 1948 2513 a
1974 2463 2117 2516 Julio
2140 2463 2369 2523 camare,
2404 2471 2463 2512 ut
2492 2461 2759 2526 colligitur

1699 2555 1765 2591 ex
1786 2541 1957 2592 Dione
1982 2541 2071 2590 lib.
2095 2553 2237 2590 mv.
2302 2541 2555 2596 Easacra
2576 2539 2759 2602 paula-

1697 2617 1791 2666 tim
1814 2616 2009 2666 abolita
2030 2615 2258 2665 restituit
2278 2614 2567 2678 Augustus,
2584 2621 2647 2666 ut
2666 2616 2759 2666 ha·

1700 2689 1853 2741 betur
1889 2691 2023 2754 apud
2060 2689 2379 2740 Suetonium.
2442 2689 2761 2744 Manserunt

1698 2781 1861 2831 usque
1881 2766 1947 2815 ad
1972 2775 2209 2830 tempora
2230 2765 2491 2816 Anastasii
2524 2767 2761 2832 Impera-

1702 2841 1846 2905 toris,
1860 2839 2187 2892 Theoderico
2206 2839 2387 2890 Amalo
2401 2839 2451 2890 in
2473 2841 2623 2891 Italia
2640 2855 2759 2906 reg-

1700 2923 1879 2980 nante,
1910 2925 1969 2968 ut
1990 2925 2210 2968 testetur
2232 2914 2533 2983 onuphrius
2564 2917 2757 2970 Panti-

1702 2993 1835 3043 nius.
1900 2993 1999 3043 His
2018 2991 2175 3043 sacris
2198 2993 2340 3042 cauis
2372 2992 2755 3056 immolabatur,

1703 3068 1785 3117 vel
1802 3067 2113 3132 expiationis
2134 3067 2320 3132 gratia,
2342 3065 2478 3134 quod
2503 3083 2534 3117 a
2549 3067 2757 3120 Grecis

1700 3159 1854 3196 canes
1890 3143 2261 3195 adhiberentur
2298 3144 2364 3196 ad
2404 3145 2715 3209 expiandum
2738 3160 2763 3208 ς

1701 3222 1785 3271 vel
1812 3222 1863 3270 in
1900 3220 2119 3285 gratiam
2156 3222 2313 3285 lupe,
2344 3236 2461 3285 quae
2484 3236 2755 3272 mammam

1704 3295 1998 3360 praebuerat
2018 3295 2236 3346 Romulo
2260 3302 2315 3345 et
2334 3295 2531 3358 Rem03
2564 3297 2643 3345 vel
2666 3296 2758 3347 de-

1704 3372 1857 3437 nique
1890 3371 2029 3437 quod
2070 3371 2377 3422 sacrificium
2412 3369 2563 3422 fieret
2600 3372 2759 3436 Pani,

1703 3447 1788 3498 cui
1822 3453 2039 3512 propter
2071 3461 2254 3511 greges
2276 3447 2419 3496 cauis
2439 3448 2633 3498 amicus
2652 3459 2760 3524 est,

1703 3523 1860 3588 bique
1880 3521 1986 3572 ludi
2008 3522 2286 3588 Livet-cales
2307 3521 2436 3573 dicti
2457 3530 2595 3586 sunt,
2613 3525 2754 3590 quod

1702 3601 1799 3650 hoc
1822 3599 2075 3651 sacrificio
2097 3601 2245 3664 lupos
2261 3597 2549 3650 credebant
2564 3601 2633 3652 ab
2650 3604 2756 3654 ovi·

1702 3676 1800 3727 bus
1834 3675 2020 3726 arceri.
2081 3675 2291 3726 Servius
2328 3675 2457 3726 dicit
2494 3677 2755 3742 Lupercal

1703 3751 1860 3803 fuisse
1878 3753 2176 3817 speluncam
2199 3753 2293 3803 sub
2306 3759 2477 3804 monte
2496 3754 2757 3814 Palatino.

1702 3829 1755 3878 iu
1778 3843 1879 3895 qua
1897 3842 2054 3892 capro
2084 3828 2341 3880 luebatur.
2404 3829 2508 3879 Pro
2526 3832 2755 3883 succincti

1704 3918 1845 3967 vero,
1896 3904 2073 3957 forsan
2117 3905 2387 3970 legendum
2428 3906 2646 3972 cinctuti,
2693 3917 2757 3962 ut

1702 3981 1840 4046 apud
1877 3980 2123 4032 Ovidium
2162 3981 2301 4032 Fut.
2326 3995 2376 4030 v.
2412 3985 2522 4032 101.
2557 3983 2755 4036 ‘Semi-

1702 4069 1863 4120 capcr
1884 4055 2067 4107 coleris
2088 4055 2332 4105 cinctutis
2355 4055 2531 4108 Fuitne
2555 4059 2755 4124 Luper·

1703 4131 1805 4195 cis;
1857 4133 1985 4182 Cum
2030 4131 2252 4181 lustrant
2287 4131 2522 4184 celebres
2561 4135 2755 4188 vellera

1700 4215 1843 4259 secta
1865 4205 2007 4258 vias?
