3200 4913
571 383 617 448 2
1535 398 1919 450 nms'romi.

571 547 686 607 tus
717 540 942 608 Poeta
961 543 1417 627 praestitisset,
1442 563 1530 608 ex
1558 542 1829 609 duobus
1859 542 2092 626 primis
2124 543 2336 620 libris,
2366 561 2539 626 quos
2570 541 2757 606 solos

571 647 972 728 composuit,
998 645 1200 710 facile
1227 645 1644 728 intelligitur.
1736 646 1813 709 ln
1844 645 1973 722 his,
2005 645 2523 710 Smuzmssmss
2559 644 2757 708 Dm.-

573 762 834 824 rums,
878 748 1101 814 vivam
1153 755 1286 812 tuae
1335 747 1763 812 educationis
1815 747 2117 810 videmus
2166 747 2537 828 imaginem.
2646 745 2755 809 lbi

569 847 1108 929 sapientissimus
1155 845 1403 916 Chiron
1454 847 1751 912 animum
1802 849 2271 930 ingeniumque
2314 847 2589 911 illustris
2648 845 2754 908 sui

567 947 884 1031 discipuli
912 950 1219 1014 omnibus
1246 949 1603 1015 virtutibus
1652 958 1721 1014 et
1750 949 2023 1032 optimis
2067 947 2445 1031 disciplinis
2476 946 2751 1024 excolit,

567 1056 638 1114 et
665 1057 972 1129 exornat,
1012 1051 1290 1138 eJusque
1335 1071 1582 1137 corpus
1630 1052 1895 1117 bellicis
1943 1049 2535 1115 exercitationibus
2567 1048 2753 1112 indu-

567 1159 698 1214 rat.
778 1149 858 1215 In
907 1153 1222 1222 omnibus
1283 1160 1514 1220 autem
1560 1153 1835 1236 Papinii
1888 1154 2229 1237 operibus,
2286 1160 2365 1215 ut
2419 1149 2751 1230 ingenium

566 1254 808 1330 elucet,
841 1254 942 1319 sic
971 1255 1291 1320 honestas
1321 1275 1598 1333 morum,
1632 1273 1765 1339 qua
1812 1256 2155 1337 praecipue
2184 1251 2749 1319 commendandus

561 1359 687 1432 est,
719 1373 936 1437 eaque
963 1361 1067 1420 tot
1089 1356 1414 1420 salutaria
1430 1355 1584 1424 vitae
1607 1361 1983 1440 praecepta,
2004 1356 2393 1438 monitaque
2413 1373 2494 1418 ac
2514 1371 2749 1435 graves

563 1457 930 1533 sententias
962 1459 1327 1535 continent,
1369 1465 1448 1521 ut
1497 1457 1897 1540 scriptorum
1946 1456 2089 1540 ejus
2138 1455 2363 1532 lectio,
2396 1456 2578 1518 sicut
2605 1473 2749 1535 gra-

560 1556 847 1634 tissima,
906 1558 1000 1622 ita
1056 1559 1434 1624 utilissima.
1524 1556 1658 1621 Sed
1720 1557 1887 1620 inter
1943 1558 2089 1640 ejus
2136 1555 2344 1633 dicta,
2391 1555 2555 1620 nihil
2601 1555 2752 1632 tibi,

562 1655 1078 1722 Suusmssmn
1107 1659 1542 1737 DELPHmE,
1565 1659 1785 1740 magis
1808 1659 2147 1741 proprium
2171 1663 2298 1735 est,
2317 1677 2515 1741 quam
2533 1656 2700 1722 illud
2730 1677 2747 1720 :

561 1760 582 1790 ‘
615 1757 824 1823 Disce
852 1759 1145 1842 patrem‚’
1177 1781 1311 1844 quo
1361 1762 1656 1826 nobilem
1708 1760 2211 1824 adolescentem
2243 1758 2326 1822 ad
2356 1761 2569 1842 patris
2598 1758 2746 1822 imi-

557 1860 905 1939 tationem,
937 1863 1063 1927 viri
1089 1863 1350 1946 optimi,
1368 1863 1800 1946 ejusdemque
1829 1861 2071 1926 summi
2090 1861 2309 1938 ducis,
2331 1860 2749 1927 exhortatur.

559 1961 861 2047 Etocerte
901 1963 1064 2044 quid
1110 1965 1246 2028 dici
1292 1969 1534 2045 potest,
1588 1961 1769 2044 quod
1820 1969 1885 2026 te
1936 1961 2093 2042 plus
2132 1961 2386 2037 deceat,
2435 1959 2746 2043 quodque

555 2063 770 2142 magis
799 2064 1030 2145 pronis
1055 2063 1326 2127 auribus
1349 2061 1685 2142 excipias,
1705 2077 1907 2141 quam
1936 2058 2090 2134 hoc,
2136 2063 2157 2096 ‘
2179 2055 2387 2122 Disce
2416 2065 2675 2140 patrem
2693 2059 2747 2122 ‘t’

557 2179 714 2226 cum
759 2181 1002 2245 parens
1030 2168 1186 2228 tuus
1217 2161 1328 2227 Lu
1341 2176 1663 2226 novrous
1713 2159 2048 2224 MAGNUS
2079 2159 2172 2224 sit
2198 2159 2495 2223 omnium
2534 2159 2745 2225 virtu-

553 2269 720 2340 tum,
751 2283 909 2347 quse
937 2265 1166 2330 inesse
1192 2247 1486 2349 possunt
1530 2267 1668 2327 tam
1713 2261 1999 2345 principi
2029 2261 2198 2337 viro,
2227 2277 2428 2343 quam
2458 2261 2745 2342 privato,

553 2365 1134 2430 absolutissimum
1161 2365 1561 2449 exemplum.
1652 2364 1726 2428 Si
1772 2363 1949 2428 enim
1994 2366 2373 2445 spectemus
2402 2361 2557 2444 ejus
2582 2381 2745 2444 erga

545 2466 774 2531 ‘Deum
825 2467 1144 2550 pietatem
1171 2489 1188 2533 ι
1249 2486 1406 2549 erga
1458 2465 1882 2548 Religionem
1940 2462 2363 2528 Catholicam
2409 2480 2739 2531 amorem:

551 2566 690 2631 vim
721 2570 958 2634 mentis
987 2574 1189 2652 atque
1235 2566 1761 2651 amplitudinem,
1811 2564 2057 2647 quibus
2094 2562 2283 2645 solus
2309 2571 2419 2629 tot
2450 2582 2531 2628 ac
2556 2570 2741 2631 tantu

551 2670 822 2751 negotia
852 2672 1170 2737 sustinet:
1213 2668 1695 2745 fortitudinem,
1734 2687 1877 2751 qua
1913 2672 2021 2732 tot
2048 2684 2154 2729 res
2180 2665 2749 2759 praeclarissimas

551 2768 718 2833 edit:
763 2770 1282 2837 moderationem
1311 2769 1537 2847 animi,
1557 2788 1693 2852 qua
1710 2768 1842 2833 sibi
1872 2767 2165 2850 imperat
2192 2767 2259 2830 in
2286 2767 2739 2850 prosperrimo

549 2868 839 2934 fortunae
869 2890 1012 2935 suae
1042 2890 1281 2936 cursu:
1327 2869 1629 2939 studium
1656 2870 1725 2932 in
1757 2868 2028 2952 egregia
2054 2886 2365 2952 qumque,
2395 2886 2533 2949 qno
2562 2873 2739 2931 artes

548 2968 868 3049 ingenuas
893 2988 1089 3054 paene
1116 2972 1354 3036 exules
1387 2970 1769 3037 revocavit:
1812 2968 2099 3052 denique
2127 2968 2187 3031 si
2218 2971 2597 3050 spectemus
2626 2984 2739 3031 ee-

549 3072 724 3134 teras
745 3069 896 3153 ejus
927 3070 1214 3136 eximias
1239 3071 1452 3147 dotes,
1483 3071 1779 3153 speciem
1808 3068 2093 3153 imperio
2123 3068 2417 3150 dignam,
2446 3068 2737 3149 gravita-

549 3173 707 3246 tem,
745 3169 1112 3253 justitiam,
1140 3172 1645 3251 liberalitatem;
1684 3169 2055 3248 fatendum,
2084 3168 2253 3233 nihil
2282 3169 2417 3233 tale
2446 3167 2737 3252 majores

547 3278 818 3335 nostros
844 3271 1125 3350 vidisse,
1153 3273 1284 3336 tale
1329 3272 1490 3335 nihil
1539 3276 1827 3353 nepotes
1867 3270 2153 3334 visuros.
2245 3268 2335 3333 Et
2362 3269 2433 3332 in
2456 3268 2591 3333 hoc
2617 3276 2741 3337 tua

547 3368 702 3433 laus
725 3371 992 3450 eminet,
1025 3373 1543 3438 Snunmssmn
1596 3372 2045 3451 nummum
2104 3372 2171 3434 in
2216 3377 2279 3435 te
2308 3370 2487 3434 enim
2516 3370 2737 3452 splen-

549 3469 709 3536 dere
744 3470 888 3555 jam
935 3473 1240 3537 videmus
1277 3472 1595 3557 quicquid
1624 3473 1697 3535 in
1736 3479 1930 3535 tanto
1970 3472 2275 3554 principe
2312 3469 2737 3552 admiramur,

546 3576 750 3655 tuque
779 3578 916 3637 tam
943 3575 1286 3639 excellens
1324 3573 1711 3657 exemplum
1749 3572 2230 3655 perfectissime
2260 3580 2734 3654 repraesentas.

549 3670 720 3735 Mihi
751 3678 972 3738 autem
1001 3675 1338 3758 praecipue
1367 3670 1866 3756 suspiciendus,
1894 3672 2353 3756 amandusque
2382 3672 2735 3756 Papinius,

547 3790 696 3836 cum
728 3773 890 3837 mihi
919 3776 1342 3839 occasionem
1373 3772 1627 3858 aliquid
1666 3775 1737 3839 in
1784 3792 1978 3838 usum
2006 3778 2193 3839 tuum
2222 3793 2307 3839 ex
2315 3775 2545 3839 arandi
2574 3777 2734 3840 sub-

547 3872 1045 3952 ministraverit,
1081 3876 1372 3960 mihique
1419 3876 1683 3942 abunde
1721 3878 1843 3940 erit
1871 3875 2127 3957 gloriae,
2156 3876 2217 3939 si
2244 3876 2735 3941 lucubrationes

546 3992 722 4037 meae
777 3992 916 4038 non
965 3974 1094 4039 tibi
1155 3976 1631 4062 displicuerint.
1716 3973 1915 4054 Vale,
1960 3976 2477 4041 Sunnmssiun
2533 3975 2733 4041 Dm.-

549 4090 813 4138 Pnn-m.
901 4075 1090 4141 Deus
1120 4074 1454 4161 Optimus,
1479 4076 1846 4155 Maximus,
1878 4078 1999 4141 fibi
2029 4078 2190 4144 laeta
2218 4078 2445 4142 omnia
2470 4076 2730 4143 fausta·

548 4194 680 4260 que
710 4182 976 4241 annuat.
