3200 4913
1151 393 1570 444 SYLVARUM
1622 395 1767 444 ms.
1802 399 1883 447 n.
1920 384 1983 447 7.

809 537 1150 622 [Ingratus
1168 537 1358 602 Nero
1386 538 1697 604 dulcibus
1722 541 2050 623 theatris,]

809 641 897 704 Et
925 646 1156 706 noster
1185 641 1304 704 tibi
1329 640 1709 723 praeseretur
1736 640 2067 726 Orpbeus·

809 743 1020 810 Dices
1051 745 1445 809 culminibus
1475 744 1677 812 Remi
1702 751 2025 828 vagantes

2570 747 2657 812 60

462 957 568 1006 qua
588 943 677 992 tibi
699 947 795 1020 test
814 943 1080 1007 placebant,
1101 945 1432 1010 supprimendo
1463 947 1673 994 camiac
1694 944 1915 1004 Lucam
1948 946 2030 996 sed
2048 946 2269 1024 quicquid
2292 946 2471 1010 facias,
2498 949 2657 1024 noster

467 1007 682 1072 Orphea
703 1007 792 1057 ttbt
812 1013 1136 1072 anteponetur.
1207 1011 1361 1060 Canes
1391 1011 1608 1060 scelestas
1634 1009 1879 1076 flammas,
1914 1025 2029 1074 quas
2060 1025 2231 1076 smptus
2256 1011 2657 1076 &mussitant

1379 1149 1554 1171 000000

1559 1151 1739 1172 ‘MNO

461 1263 590 1314 satis
612 1269 751 1313 esset
773 1263 1013 1313 evincere
1045 1265 1183 1314 hunc
1221 1279 1422 1315 versum
1448 1280 1550 1316 non
1577 1283 1609 1316 a
1630 1265 1801 1316 Statio
1838 1264 2128 1330 profectum
2170 1280 2301 1318 esse.
2364 1268 2453 1318 Sic
2493 1269 2655 1335 igitur

461 1331 576 1392 lege
607 1334 664 1377 et
696 1335 947 1378 connecte
973 1336 1135 1378 totum
1162 1329 1364 1378 locum:
1398 1333 1472 1379 Ac
1503 1330 2054 1394 primum...Ludes...Et
2074 1333 2511 1395 supptex...asrsn.
2582 1337 2655 1386 st

457 1397 593 1444 sedes
628 1391 861 1442 reserabis
899 1392 1183 1455 Isset-orum,
1223 1394 1290 1442 Et
1329 1400 1487 1444 noster
1519 1395 1611 1444 tibi
1646 1395 1880 1454 referetur
1904 1395 2152 1458 Orpheus:
2186 1397 2378 1446 Mariti.
2444 1397 2518 1448 At
2554 1413 2649 1462 pro

462 1455 757 1506 Marklandi
781 1455 1034 1517 referetur,
1056 1456 1176 1507 edd.
1197 1465 1327 1509 vett.
1348 1472 1522 1508 omnes
1544 1460 1813 1520 exhibent,
1842 1458 2141 1522 prasci-etur.
2190 1463 2207 1489 ‘
2233 1459 2523 1512 Difficultas
2547 1477 2651 1515 non

461 1521 630 1571 aderit
651 1521 774 1583 ulla,
802 1520 958 1570 modo
979 1521 1076 1571 boc
1098 1535 1248 1570 versu
1279 1521 1408 1586 (58.)
1442 1525 1673 1573 voculam
1697 1525 1789 1573 erit
1805 1523 2172 1586 subintelligas,
2189 1539 2329 1574 more
2347 1526 2653 1591 Papiniano,

461 1585 700 1649 abrupte,
723 1593 780 1634 et
801 1585 1000 1634 omissis
1024 1586 1234 1641 voculis,
1269 1587 1508 1650 loquendi
1529 1603 1544 1648 3
1579 1587 1644 1636 de
1676 1602 1773 1652 qua
1796 1601 1853 1637 re
1876 1588 2047 1636 multis
2068 1589 2317 1653 exemplis
2341 1591 2405 1639 ad
2428 1592 2650 1642 Thebai-

459 1651 576 1700 dem
615 1649 828 1712 egimus.
898 1649 1171 1701 Sententia
1212 1664 1335 1713 erga
1375 1651 1653 1716 Calliopes,
1687 1651 1965 1702 Genethlia
2003 1653 2214 1702 Lucano
2247 1655 2502 1716 canentis,
2532 1658 2651 1720 erit,

459 1721 777 1768 contemtum
801 1712 864 1763 iri
888 1728 997 1777 prae
1021 1715 1230 1765 Lucano
1251 1716 1532 1774 Neronem,
1563 1717 1788 1767 Theatra
1829 1717 1985 1780 pleno
2014 1715 2227 1766 favente
2262 1717 2337 1767 illi
2369 1733 2477 1782 prae
2511 1721 2649 1769 isto.'

459 1777 544 1830 Ita
558 1779 823 1842 Barthius,
839 1792 990 1844 quem
1009 1778 1126 1830 vide
1145 1779 1358 1830 adhunc
1375 1781 1693 1832 locum—59
1708 1781 1951 1831 Heinsius
1972 1781 2335 1844 conjectabatz
2368 1783 2475 1839 Nec
2491 1791 2649 1836 noster

1441 1924 1655 1976 NOTAE

457 2029 762 2101 inscriptum
799 2035 1112 2101 ‘Orpheus,’
1143 2035 1375 2088 imitatus
1411 2038 1512 2089 Or-

455 2113 663 2177 pheum,
679 2114 786 2180 qui,
808 2114 944 2164 inter
967 2114 1108 2164 varia
1129 2128 1308 2177 opere,
1331 2113 1511 2178 poema

455 2188 657 2241 fecerat
695 2192 850 2241 etism
880 2187 1062 2241 eadem
1098 2190 1434 2255 inscriptione
1456 2196 1512 2240 et

456 2273 776 2329 argumento.
841 2267 972 2319 Qum
1027 2266 1163 2315 enim
1216 2266 1513 2317 scribebant

459 2339 642 2391 Poetis
663 2339 807 2391 facta
822 2355 957 2404 esse,
973 2356 1035 2393 ea
1055 2341 1154 2406 ipsi
1178 2342 1196 2372 ‘
1213 2341 1416 2392 facere’
1448 2357 1510 2392 ac

459 2430 646 2483 gerere
669 2417 996 2482 dicebantur,
1019 2425 1074 2470 et
1102 2417 1222 2469 inde
1261 2420 1279 2448 ⁴
1298 2417 1480 2470 Poeta
1494 2417 1510 2440 '

455 2492 606 2543 dicti.
671 2494 822 2545 Unde
870 2496 1104 2546 Lucanus
1144 2494 1339 2545 dicitnr
1371 2508 1509 2545 rese·

457 2583 596 2619 rasse
627 2570 778 2621 sedes
817 2569 1130 2634 Inferorum,
1163 2584 1281 2620 cum
1318 2571 1511 2621 cecinit

459 2645 674 2710 Orphea
695 2647 1101 2697 descendentem
1124 2645 1192 2697 ad
1213 2646 1433 2711 Infcros,
1451 2652 1510 2697 et

456 2720 512 2769 in
532 2722 700 2771 lucem
718 2734 999 2773 reversum.

522 2800 586 2847 ⁶8
631 2796 860 2861 Ingratus
898 2799 1029 2848 Nero
1063 2798 1272 2847 dulcibus
1308 2800 1510 2849 theatris

457 2873 529 2923 Et
549 2878 705 2924 noster
724 2874 815 2924 tion·
831 2873 1118 2939 praeferetur
1141 2874 1378 2938 Orpheus]
1413 2876 1508 2925 Lo·

457 2962 550 2999 cns
567 2948 894 3000 difficillimus
911 2965 927 3011 3
960 2956 1140 3013 totque
1157 2954 1279 2999 sunt
1291 2946 1404 2998 fere
1421 2962 1509 2998 ex·

455 3024 778 3089 plicationes,
832 3032 960 3089 quot
1001 3025 1334 3087 interpretes.
1401 3024 1508 3074 Do-

456 3098 633 3147 mitius
653 3100 768 3149 haec
791 3100 982 3151 habet:
1006 3099 1256 3165 Ingratus]
1289 3100 1390 3154 Qui
1406 3115 1510 3151 non

456 3174 654 3235 pateris
706 3180 1031 3235 spectatores
1084 3174 1187 3226 frui
1244 3178 1510 3240 voluptate

457 3246 824 3297 audiendorum
867 3251 1144 3299 carminum
1191 3252 1404 3313 Lucani,
1453 3260 1510 3301 et

456 3331 630 3375 tamen
653 3322 749 3374 tibi
782 3324 938 3373 etiam
974 3324 1136 3373 invito
1167 3331 1509 3388 anteponetur

456 3400 558 3450 hoc
573 3400 872 3464 opusculum
885 3414 902 3461 3
920 3398 1094 3465 aitque
1107 3398 1368 3448 Domitius
1382 3399 1510 3449 Poe*-

455 3482 560 3527 tam
581 3476 681 3526 hoc
719 3476 892 3526 dicere
920 3475 974 3525 in
1003 3472 1244 3524 invidiam
1271 3472 1511 3539 Neronis,

457 3552 544 3617 qni
575 3565 782 3602 carmen
807 3552 1001 3602 Lucani
1034 3548 1240 3600 recitari
1269 3563 1370 3598 non
1394 3563 1508 3612 per·

455 3628 616 3691 misit,
655 3627 891 3679 invidens
917 3627 1054 3677 illius
1086 3625 1245 3689 laudi,
1264 3639 1368 3690 quo
1391 3638 1509 3675 eum

454 3704 678 3769 impulit,
697 3704 832 3754 utin
860 3703 1237 3767 Imperatorem
1269 3702 1508 3766 conjura-

455 3786 538 3830 ret
577 3794 696 3830 cunt
739 3780 874 3829 aliis.
933 3778 1179 3829 Tacitus:
1211 3782 1226 3807 ⁶
1244 3780 1506 3827 Lucanum

456 3856 680 3919 proprie
735 3870 906 3906 canem
959 3852 1334 3916 accendebant,
1366 3853 1504 3917 quod

454 3930 644 3982 famam
668 3931 948 3981 carminum
971 3930 1086 3993 ejus
1106 3928 1373 3994 premebat
1397 3929 1447 3978 N
1451 3944 1503 3979 e-

456 4023 533 4072 ro,
553 4008 988 4073 prohibueratque
1019 4004 1318 4057 ostentare.'
1373 4005 1502 4055 Ber-

456 4085 654 4134 nartius
663 4084 790 4147 legit
801 4084 1008 4144 ingratis
1019 4089 1076 4132 ut
1091 4083 1378 4148 etLipsins,
1388 4096 1503 4132 sen-

455 4176 668 4225 sumque
689 4176 805 4213 esse
827 4162 930 4215 nita
976 4162 1025 4212 Ο
1051 4162 1213 4223 Nero,
1236 4161 1318 4210 vel
1341 4160 1506 4211 invito

455 4236 548 4290 tibi
569 4238 622 4287 in
643 4238 852 4289 theatris
871 4236 1184 4303 praeferetur
1199 4244 1380 4289 noster
1403 4238 1502 4289 Or·

1593 2039 1774 2103 pheus.
1839 2038 2221 2106 Quinquennsli
2254 2038 2389 2090 enim
2412 2037 2647 2090 certami-

1594 2129 1677 2173 ne,
1691 2130 1809 2166 cum
1832 2116 2067 2167 Lucanus
2088 2115 2355 2180 Orpheum
2379 2114 2646 2166 decantas·

1591 2198 1691 2255 set,
1724 2200 1998 2242 coronatus
2030 2197 2213 2242 contra
2242 2192 2506 2242 Neronem
2544 2197 2646 2252 est,

1593 2268 1729 2332 quod
1774 2267 2043 2332 aegerrime
2074 2267 2320 2318 toleravit
2350 2266 2647 2331 Imperator

1591 2343 1927 2393 citharoedus.
1993 2343 2273 2394 Gerartius
2296 2357 2419 2392 vero
2442 2342 2645 2400 scribit,

1591 2431 1693 2468 non
1714 2419 1797 2471 hic
1820 2419 2053 2470 converti
2076 2433 2361 2470 sennonem
2384 2418 2448 2469 ad
2480 2419 2529 2470 N
2534 2433 2647 2469 ero·

1591 2510 1727 2559 nem,
1760 2497 1849 2547 sed
1885 2497 2153 2561 Calliopen
2198 2504 2449 2562 perpetuo
2481 2496 2645 2546 Luca·

1588 2586 1711 2623 num
1733 2574 1956 2639 alloqui:
1998 2580 2053 2623 et
2072 2574 2245 2623 dicere
2264 2589 2281 2623 t
2316 2576 2459 2624 Nero
2480 2574 2642 2635 ingra-

1589 2652 1666 2697 tss
1686 2648 1787 2697 erit
1808 2648 2037 2708 theatris,
2050 2648 2103 2697 id
2120 2646 2468 2711 est,po’e'mata
2484 2647 2645 2711 ipsius

1589 2722 1781 2787 populo
1803 2736 1906 2771 non
1932 2722 2244 2785 placebunt3
2276 2735 2393 2771 nam
2425 2721 2645 2783 ingram

1587 2800 1673 2849 hic
1706 2799 1906 2863 passive
1940 2797 2316 2861 accipiendum,
2348 2804 2409 2847 ut
2438 2798 2644 2863 ‘ingra-

1590 2883 1699 2926 tum
1736 2873 1944 2937 cibum,’
1998 2873 2285 2938 ‘ingratam
2330 2873 2644 2924 orationem'

1591 2950 1834 3011 dicimus3
1854 2956 1909 2999 et
1924 2956 2101 3000 noster
2116 2948 2377 3013 Orpheus,
2387 2964 2419 2999 ο
2433 2950 2643 3000 Lucane

1592 3026 1708 3087 tihi,
1728 3024 1784 3075 id
1805 3031 1901 3089 est,
1931 3026 1985 3073 in
2008 3034 2149 3075 tuam
2174 3024 2407 3088 gratiam,
2428 3024 2479 3073 in
2503 3032 2643 3077 tuam

1588 3103 1813 3164 leudem,
1831 3100 2137 3166 preferetur
2170 3100 2382 3165 scriptis
2405 3100 2645 3151 Neronis.

1592 3180 1682 3230 Sic
1735 3177 1875 3243 apud
1926 3184 2157 3227 nostrum
2210 3176 2356 3239 Epic.
2414 3176 2641 3227 Phileti:

1597 3255 1743 3305 ‘Non
1764 3253 1948 3303 saevins
1973 3258 2114 3302 atros
2138 3251 2403 3313 Nigrasset
2431 3250 2643 3315 planctu

1589 3329 1813 3391 genitrix
1851 3326 1947 3377 tibi
1979 3340 2121 3376 saeva
2159 3325 2415 3376 lacertos?
2480 3326 2643 3376 Hein-

1588 3404 1692 3453 sius
1713 3402 1955 3465 corrigit:
1992 3404 2095 3452 Nec
2114 3407 2272 3451 noster
2304 3400 2395 3450 tibi
2420 3401 2643 3464 prefere-

1589 3468 1668 3526 Μ’·
1714 3474 1945 3538 Orpheus.
2012 3476 2087 3525 Ut
2125 3488 2266 3523 mens
2312 3474 2381 3525 sit
2422 3474 2639 3526 Poiitaez

1587 3550 1841 3611 Tandem,
1880 3550 2017 3600 sicut
2058 3547 2318 3612 Orpheus,
2354 3564 2387 3598 o
2414 3551 2641 3613 Lucane,

1589 3628 1704 3693 ipse
1726 3640 1928 3694 quoque
1948 3625 2203 3676 reserabis
2226 3624 2448 3691 Inferos,
2467 3634 2524 3677 et
2538 3629 2639 3678 En·

1588 3704 1801 3769 rydicen
1817 3703 2003 3753 iterum
2020 3715 2255 3751 accerses
2272 3718 2288 3763 3
2306 3704 2440 3767 qnod
2454 3702 2639 3769 poema

1585 3780 1663 3831 ita
1684 3780 1787 3830 erit
1808 3785 2083 3843 acceptum
2106 3778 2317 3841 populo,
2332 3786 2393 3829 ut
2416 3780 2639 3831 Nemnis

1585 3870 1764 3906 versus
1808 3853 1995 3919 ingrati
2044 3853 2150 3903 sint
2194 3853 2355 3905 futuri
2400 3870 2507 3920 prae
2548 3857 2637 3907 illo

1585 3931 1817 3981 theatris.
1883 3930 2049 3996 {mmo
2080 3944 2178 3981 nec
2217 3932 2459 3997 Orpheus
2491 3946 2635 3984 mens

1584 4015 1677 4058 tuo
1690 4005 2021 4072 praeferetur.
2057 4008 2235 4059 Noster
2252 4008 2485 4075 Orpheus]
2500 4010 2637 4063 Quia

1583 4098 1736 4150 quem
1759 4097 1852 4147 ego
1878 4084 2080 4147 peperi,
2090 4084 2231 4134 illum
2250 4092 2307 4136 tn
2329 4086 2584 4137 cecinisti.

1646 4164 1713 4210 6⁰
1745 4158 1895 4209 Dices
1922 4159 2198 4211 culminibus
2228 4160 2369 4212 Remi
2406 4169 2636 4226 ugentes

1586 4235 1809 4298 Iuv'ssdos
1836 4234 2015 4286 domiai
2048 4236 2255 4287 noceatis
2270 4235 2429 4301 ignes]
2460 4238 2635 4302 Scrip-
