<?xml version="1.0" encoding="UTF-8"?>
<!DOCTYPE html PUBLIC "-//W3C//DTD XHTML 1.0 Transitional//EN"
    "http://www.w3.org/TR/xhtml1/DTD/xhtml1-transitional.dtd">
<html xmlns="http://www.w3.org/1999/xhtml" xml:lang="en" lang="en">
 <head>
  <title>
</title>
<meta http-equiv="Content-Type" content="text/html;charset=utf-8" />
  <meta name='ocr-system' content='tesseract 3.04.00' />
  <meta name='ocr-capabilities' content='ocr_page ocr_carea ocr_par ocr_line ocrx_word'/>
</head>
<body>
  <div class='ocr_page' id='page_1' title='image "./ppapiniistatiio04statgoog_0034.png"; bbox 0 0 3200 4913; ppageno 0'>
   <div class='ocr_carea' id='block_1_1' title="bbox 543 362 2118 429">
    <p class='ocr_par' dir='ltr' id='par_1_1' title="bbox 543 362 2118 429">
     <span class='ocr_line' id='line_1_1' title="bbox 543 362 2118 429; baseline 0.001 -2"><span class='ocrx_word' id='word_1_1' title='bbox 543 362 630 428; x_wconf 79' lang='lat'><strong>24</strong></span> <span class='ocrx_word' id='word_1_2' title='bbox 1153 381 1214 428; x_wconf 83' lang='lat' dir='ltr'><strong>P.</strong></span> <span class='ocrx_word' id='word_1_3' title='bbox 1265 377 1554 427; x_wconf 59' lang='lat' dir='ltr'><strong>namn</strong></span> <span class='ocrx_word' id='word_1_4' title='bbox 1607 378 1861 428; x_wconf 71' lang='lat' dir='ltr'><strong>s&#39;rA&#39;rn</strong></span> <span class='ocrx_word' id='word_1_5' title='bbox 1916 381 2118 429; x_wconf 74' lang='lat' dir='ltr'><strong>vvrA.</strong></span> 
     </span>
    </p>
   </div>
   <div class='ocr_carea' id='block_1_2' title="bbox 522 521 2763 4293">
    <p class='ocr_par' dir='ltr' id='par_1_2' title="bbox 522 521 2763 4192">
     <span class='ocr_line' id='line_1_2' title="bbox 537 521 2732 607; baseline 0 -20"><span class='ocrx_word' id='word_1_6' title='bbox 537 529 606 587; x_wconf 91' lang='lat' dir='ltr'><strong>et</strong></span> <span class='ocrx_word' id='word_1_7' title='bbox 663 521 992 607; x_wconf 80' lang='lat' dir='ltr'><strong>Neapolis</strong></span> <span class='ocrx_word' id='word_1_8' title='bbox 1040 521 1559 606; x_wconf 79' lang='lat' dir='ltr'><strong>Campanorum,</strong></span> <span class='ocrx_word' id='word_1_9' title='bbox 1604 522 1691 586; x_wconf 88' lang='lat' dir='ltr'><strong>de</strong></span> <span class='ocrx_word' id='word_1_10' title='bbox 1738 522 1885 607; x_wconf 88' lang='lat' dir='ltr'><strong>ejus</strong></span> <span class='ocrx_word' id='word_1_11' title='bbox 1935 523 2149 588; x_wconf 89' lang='lat' dir='ltr'><strong>natali</strong></span> <span class='ocrx_word' id='word_1_12' title='bbox 2194 523 2342 588; x_wconf 88' lang='lat' dir='ltr'><strong>solo</strong></span> <span class='ocrx_word' id='word_1_13' title='bbox 2372 529 2732 590; x_wconf 78' lang='lat' dir='ltr'>certarunt.</span> 
     </span>
     <span class='ocr_line' id='line_1_3' title="bbox 539 623 2734 710; baseline 0.001 -22"><span class='ocrx_word' id='word_1_14' title='bbox 539 624 906 708; x_wconf 80' lang='lat' dir='ltr'>Singularis</span> <span class='ocrx_word' id='word_1_15' title='bbox 935 623 1240 708; x_wconf 80' lang='lat' dir='ltr'><strong>profecto</strong></span> <span class='ocrx_word' id='word_1_16' title='bbox 1271 625 1633 701; x_wconf 89' lang='lat' dir='ltr'><strong>contentio,</strong></span> <span class='ocrx_word' id='word_1_17' title='bbox 1664 643 1753 690; x_wconf 84' lang='lat' dir='ltr'><strong>ex</strong></span> <span class='ocrx_word' id='word_1_18' title='bbox 1784 643 1921 708; x_wconf 88' lang='lat' dir='ltr'><strong>qua</strong></span> <span class='ocrx_word' id='word_1_19' title='bbox 1947 625 2227 708; x_wconf 83' lang='lat' dir='ltr'><strong>intelligi</strong></span> <span class='ocrx_word' id='word_1_20' title='bbox 2255 624 2455 691; x_wconf 85' lang='lat' dir='ltr'><strong>facile</strong></span> <span class='ocrx_word' id='word_1_21' title='bbox 2482 633 2734 710; x_wconf 87' lang='lat' dir='ltr'><strong>potest,</strong></span> 
     </span>
     <span class='ocr_line' id='line_1_4' title="bbox 539 725 2735 810; baseline 0.001 -20"><span class='ocrx_word' id='word_1_22' title='bbox 539 734 790 809; x_wconf 88' lang='lat' dir='ltr'><strong>quanto</strong></span> <span class='ocrx_word' id='word_1_23' title='bbox 816 729 884 791; x_wconf 92' lang='lat' dir='ltr'><strong>in</strong></span> <span class='ocrx_word' id='word_1_24' title='bbox 915 727 1129 810; x_wconf 78' lang='lat' dir='ltr'><strong>pretio</strong></span> <span class='ocrx_word' id='word_1_25' title='bbox 1156 734 1297 794; x_wconf 82' lang='lat' dir='ltr'><strong>tum</strong></span> <span class='ocrx_word' id='word_1_26' title='bbox 1325 727 1536 800; x_wconf 81' lang='lat' dir='ltr'><strong>literae</strong></span> <span class='ocrx_word' id='word_1_27' title='bbox 1563 726 1861 796; x_wconf 76' lang='lat' dir='ltr'><strong>filerunt.</strong></span> <span class='ocrx_word' id='word_1_28' title='bbox 1950 727 2091 807; x_wconf 84' lang='lat' dir='ltr'><strong>Qui</strong></span> <span class='ocrx_word' id='word_1_29' title='bbox 2134 747 2290 792; x_wconf 88' lang='lat' dir='ltr'><strong>vero</strong></span> <span class='ocrx_word' id='word_1_30' title='bbox 2318 725 2735 792; x_wconf 76' lang='lat' dir='ltr'>Tolosanum</span> 
     </span>
     <span class='ocr_line' id='line_1_5' title="bbox 541 813 2733 912; baseline 0.001 -21"><span class='ocrx_word' id='word_1_31' title='bbox 541 813 1026 907; x_wconf 80' lang='lat' dir='ltr'><strong>existimarunt,</strong></span> <span class='ocrx_word' id='word_1_32' title='bbox 1057 829 1226 893; x_wconf 89' lang='lat' dir='ltr'><strong>inter</strong></span> <span class='ocrx_word' id='word_1_33' title='bbox 1267 847 1439 912; x_wconf 87' lang='lat' dir='ltr'><strong>quos</strong></span> <span class='ocrx_word' id='word_1_34' title='bbox 1492 827 1755 893; x_wconf 88' lang='lat' dir='ltr'><strong>Dantes</strong></span> <span class='ocrx_word' id='word_1_35' title='bbox 1796 828 1941 906; x_wconf 85' lang='lat' dir='ltr'><strong>fuit,</strong></span> <span class='ocrx_word' id='word_1_36' title='bbox 1988 827 2198 912; x_wconf 71' lang='lat' dir='ltr'><strong>poeta</strong></span> <span class='ocrx_word' id='word_1_37' title='bbox 2248 828 2733 894; x_wconf 86' lang='lat' dir='ltr'><strong>Hetruscorum</strong></span> 
     </span>
     <span class='ocr_line' id='line_1_6' title="bbox 538 931 2731 1015; baseline 0.002 -22"><span class='ocrx_word' id='word_1_38' title='bbox 538 933 956 1009; x_wconf 81' lang='lat' dir='ltr'><strong>vernaculus,</strong></span> <span class='ocrx_word' id='word_1_39' title='bbox 1011 931 1276 1014; x_wconf 90' lang='lat' dir='ltr'><strong>decepti</strong></span> <span class='ocrx_word' id='word_1_40' title='bbox 1329 938 1487 996; x_wconf 88' lang='lat' dir='ltr'><strong>sunt</strong></span> <span class='ocrx_word' id='word_1_41' title='bbox 1530 931 1806 998; x_wconf 83' lang='lat' dir='ltr'><strong>alterius</strong></span> <span class='ocrx_word' id='word_1_42' title='bbox 1860 931 2063 996; x_wconf 77' lang='lat' dir='ltr'><strong>statii</strong></span> <span class='ocrx_word' id='word_1_43' title='bbox 2122 931 2443 997; x_wconf 85' lang='lat' dir='ltr'><strong>Rhetoris</strong></span> <span class='ocrx_word' id='word_1_44' title='bbox 2486 933 2731 1015; x_wconf 79' lang='lat' dir='ltr'><strong>patria,</strong></span> 
     </span>
     <span class='ocr_line' id='line_1_7' title="bbox 537 1033 2734 1118; baseline 0 -21"><span class='ocrx_word' id='word_1_45' title='bbox 537 1033 731 1116; x_wconf 89' lang='lat' dir='ltr'><strong>cujus</strong></span> <span class='ocrx_word' id='word_1_46' title='bbox 761 1033 1060 1098; x_wconf 83' lang='lat' dir='ltr'><strong>meminit</strong></span> <span class='ocrx_word' id='word_1_47' title='bbox 1085 1034 1440 1098; x_wconf 75' lang='lat' dir='ltr'><strong>Eusebius.</strong></span> <span class='ocrx_word' id='word_1_48' title='bbox 1487 1034 1596 1098; x_wconf 82' lang='lat' dir='ltr'><strong>Ex</strong></span> <span class='ocrx_word' id='word_1_49' title='bbox 1626 1033 1942 1116; x_wconf 81' lang='lat' dir='ltr'><strong>Agellina</strong></span> <span class='ocrx_word' id='word_1_50' title='bbox 1969 1051 2201 1112; x_wconf 80' lang='lat' dir='ltr'><strong>uxore,</strong></span> <span class='ocrx_word' id='word_1_51' title='bbox 2229 1053 2431 1118; x_wconf 87' lang='lat' dir='ltr'><strong>quam</strong></span> <span class='ocrx_word' id='word_1_52' title='bbox 2459 1035 2734 1098; x_wconf 89' lang='lat' dir='ltr'><strong>unicam</strong></span> 
     </span>
     <span class='ocr_line' id='line_1_8' title="bbox 537 1132 2731 1220; baseline 0 -23"><span class='ocrx_word' id='word_1_53' title='bbox 537 1132 794 1213; x_wconf 88' lang='lat' dir='ltr'><strong>habuit,</strong></span> <span class='ocrx_word' id='word_1_54' title='bbox 845 1144 915 1200; x_wconf 92' lang='lat' dir='ltr'><strong>et</strong></span> <span class='ocrx_word' id='word_1_55' title='bbox 956 1136 1021 1200; x_wconf 91' lang='lat' dir='ltr'><strong>ei</strong></span> <span class='ocrx_word' id='word_1_56' title='bbox 1063 1144 1402 1220; x_wconf 88' lang='lat' dir='ltr'><strong>superstes</strong></span> <span class='ocrx_word' id='word_1_57' title='bbox 1445 1137 1600 1214; x_wconf 86' lang='lat' dir='ltr'><strong>fuit,</strong></span> <span class='ocrx_word' id='word_1_58' title='bbox 1650 1138 1729 1202; x_wconf 88' lang='lat' dir='ltr'><strong>P.</strong></span> <span class='ocrx_word' id='word_1_59' title='bbox 1772 1136 2132 1220; x_wconf 90' lang='lat' dir='ltr'><strong>Papinium</strong></span> <span class='ocrx_word' id='word_1_60' title='bbox 2162 1136 2452 1201; x_wconf 78' lang='lat' dir='ltr'><strong>Statium</strong></span> <span class='ocrx_word' id='word_1_61' title='bbox 2482 1136 2731 1218; x_wconf 88' lang='lat' dir='ltr'><strong>genuit,</strong></span> 
     </span>
     <span class='ocr_line' id='line_1_9' title="bbox 537 1236 2739 1326; baseline 0.002 -26"><span class='ocrx_word' id='word_1_62' title='bbox 537 1236 730 1320; x_wconf 89' lang='lat' dir='ltr'><strong>cujus</strong></span> <span class='ocrx_word' id='word_1_63' title='bbox 763 1239 1114 1324; x_wconf 85' lang='lat' dir='ltr'><strong>pueritiam</strong></span> <span class='ocrx_word' id='word_1_64' title='bbox 1147 1260 1227 1306; x_wconf 93' lang='lat' dir='ltr'><strong>ac</strong></span> <span class='ocrx_word' id='word_1_65' title='bbox 1252 1241 1673 1326; x_wconf 80' lang='lat' dir='ltr'><strong>juventutem</strong></span> <span class='ocrx_word' id='word_1_66' title='bbox 1702 1241 1917 1305; x_wconf 87' lang='lat' dir='ltr'><strong>literis</strong></span> <span class='ocrx_word' id='word_1_67' title='bbox 1946 1239 2143 1320; x_wconf 85' lang='lat' dir='ltr'><strong>fovit,</strong></span> <span class='ocrx_word' id='word_1_68' title='bbox 2174 1240 2403 1324; x_wconf 91' lang='lat' dir='ltr'><strong>copia,</strong></span> <span class='ocrx_word' id='word_1_69' title='bbox 2445 1240 2739 1304; x_wconf 84' lang='lat' dir='ltr'><strong>varieta-</strong></span> 
     </span>
     <span class='ocr_line' id='line_1_10' title="bbox 541 1342 2734 1428; baseline 0.001 -26"><span class='ocrx_word' id='word_1_70' title='bbox 541 1347 745 1422; x_wconf 87' lang='lat' dir='ltr'><strong>teque</strong></span> <span class='ocrx_word' id='word_1_71' title='bbox 791 1353 1009 1407; x_wconf 75' lang='lat' dir='ltr'><strong>rerum</strong></span> <span class='ocrx_word' id='word_1_72' title='bbox 1053 1343 1327 1423; x_wconf 86' lang='lat' dir='ltr'><strong>refersit,</strong></span> <span class='ocrx_word' id='word_1_73' title='bbox 1373 1349 1441 1408; x_wconf 89' lang='lat' dir='ltr'><strong>et</strong></span> <span class='ocrx_word' id='word_1_74' title='bbox 1479 1364 1673 1409; x_wconf 89' lang='lat' dir='ltr'><strong>omne</strong></span> <span class='ocrx_word' id='word_1_75' title='bbox 1716 1345 1861 1428; x_wconf 84' lang='lat' dir='ltr'><strong>ejus</strong></span> <span class='ocrx_word' id='word_1_76' title='bbox 1910 1343 2232 1422; x_wconf 87' lang='lat' dir='ltr'><strong>studium,</strong></span> <span class='ocrx_word' id='word_1_77' title='bbox 2282 1342 2509 1426; x_wconf 87' lang='lat' dir='ltr'><strong>quoad</strong></span> <span class='ocrx_word' id='word_1_78' title='bbox 2541 1343 2734 1420; x_wconf 79' lang='lat' dir='ltr'><strong>vixit,</strong></span> 
     </span>
     <span class='ocr_line' id='line_1_11' title="bbox 525 1441 2735 1532; baseline 0.002 -28"><span class='ocrx_word' id='word_1_79' title='bbox 525 1441 730 1524; x_wconf 87' lang='lat' dir='ltr'><strong>juvit,</strong></span> <span class='ocrx_word' id='word_1_80' title='bbox 789 1464 1133 1528; x_wconf 84' lang='lat' dir='ltr'><strong>operaque</strong></span> <span class='ocrx_word' id='word_1_81' title='bbox 1194 1447 1576 1532; x_wconf 83' lang='lat' dir='ltr'><strong>castigavit.</strong></span> <span class='ocrx_word' id='word_1_82' title='bbox 1669 1447 1933 1510; x_wconf 90' lang='lat' dir='ltr'><strong>Annum</strong></span> <span class='ocrx_word' id='word_1_83' title='bbox 1978 1464 2175 1530; x_wconf 89' lang='lat' dir='ltr'><strong>agens</strong></span> <span class='ocrx_word' id='word_1_84' title='bbox 2236 1445 2735 1526; x_wconf 72' lang='lat' dir='ltr'><strong>sexagesimum</strong></span> 
     </span>
     <span class='ocr_line' id='line_1_12' title="bbox 535 1544 2735 1631; baseline 0.002 -25"><span class='ocrx_word' id='word_1_85' title='bbox 535 1544 864 1625; x_wconf 87' lang='lat' dir='ltr'><strong>quintum,</strong></span> <span class='ocrx_word' id='word_1_86' title='bbox 909 1548 1528 1630; x_wconf 81' lang='lat' dir='ltr'><strong>inexpergescibilis</strong></span> <span class='ocrx_word' id='word_1_87' title='bbox 1567 1549 1782 1612; x_wconf 89' lang='lat' dir='ltr'><strong>somni</strong></span> <span class='ocrx_word' id='word_1_88' title='bbox 1833 1549 2087 1626; x_wconf 87' lang='lat' dir='ltr'><strong>morbo,</strong></span> <span class='ocrx_word' id='word_1_89' title='bbox 2130 1557 2330 1631; x_wconf 85' lang='lat' dir='ltr'><strong>quem</strong></span> <span class='ocrx_word' id='word_1_90' title='bbox 2366 1546 2735 1628; x_wconf 81' lang='lat' dir='ltr'><strong>lethargum</strong></span> 
     </span>
     <span class='ocr_line' id='line_1_13' title="bbox 535 1649 2732 1732; baseline 0.001 -24"><span class='ocrx_word' id='word_1_91' title='bbox 535 1665 882 1726; x_wconf 80' lang='lat' dir='ltr'><strong>vocamus,</strong></span> <span class='ocrx_word' id='word_1_92' title='bbox 918 1650 1136 1732; x_wconf 87' lang='lat' dir='ltr'><strong>periit,</strong></span> <span class='ocrx_word' id='word_1_93' title='bbox 1165 1649 1378 1732; x_wconf 86' lang='lat' dir='ltr'><strong>cujus·</strong></span> <span class='ocrx_word' id='word_1_94' title='bbox 1407 1661 1681 1714; x_wconf 85' lang='lat' dir='ltr'><strong>mortem</strong></span> <span class='ocrx_word' id='word_1_95' title='bbox 1727 1649 2060 1731; x_wconf 89' lang='lat' dir='ltr'><strong>Epicedio</strong></span> <span class='ocrx_word' id='word_1_96' title='bbox 2089 1649 2268 1714; x_wconf 88' lang='lat' dir='ltr'><strong>filius</strong></span> <span class='ocrx_word' id='word_1_97' title='bbox 2320 1655 2732 1730; x_wconf 88' lang='lat' dir='ltr'><strong>prosecutus</strong></span> 
     </span>
     <span class='ocr_line' id='line_1_14' title="bbox 537 1749 2734 1834; baseline 0.001 -23"><span class='ocrx_word' id='word_1_98' title='bbox 537 1755 661 1812; x_wconf 88' lang='lat' dir='ltr'><strong>est.</strong></span> <span class='ocrx_word' id='word_1_99' title='bbox 751 1749 973 1816; x_wconf 88' lang='lat' dir='ltr'><strong>Multa</strong></span> <span class='ocrx_word' id='word_1_100' title='bbox 997 1761 1070 1816; x_wconf 84' lang='lat' dir='ltr'><strong>et</strong></span> <span class='ocrx_word' id='word_1_101' title='bbox 1099 1770 1302 1834; x_wconf 85' lang='lat' dir='ltr'><strong>prosa</strong></span> <span class='ocrx_word' id='word_1_102' title='bbox 1329 1757 1394 1816; x_wconf 90' lang='lat' dir='ltr'><strong>et</strong></span> <span class='ocrx_word' id='word_1_103' title='bbox 1429 1752 1727 1816; x_wconf 81' lang='lat' dir='ltr'><strong>carmine</strong></span> <span class='ocrx_word' id='word_1_104' title='bbox 1758 1749 2060 1834; x_wconf 83' lang='lat' dir='ltr'><strong>scripsit,</strong></span> <span class='ocrx_word' id='word_1_105' title='bbox 2106 1751 2166 1814; x_wconf 84' lang='lat' dir='ltr'><strong>si</strong></span> <span class='ocrx_word' id='word_1_106' title='bbox 2198 1749 2343 1814; x_wconf 89' lang='lat' dir='ltr'><strong>filio</strong></span> <span class='ocrx_word' id='word_1_107' title='bbox 2378 1749 2734 1828; x_wconf 79' lang='lat' dir='ltr'><strong>credimuS,</strong></span> 
     </span>
     <span class='ocr_line' id='line_1_15' title="bbox 537 1850 2735 1936; baseline 0.002 -24"><span class='ocrx_word' id='word_1_108' title='bbox 537 1850 657 1913; x_wconf 86' lang='lat' dir='ltr'><strong>sed</strong></span> <span class='ocrx_word' id='word_1_109' title='bbox 717 1870 941 1915; x_wconf 88' lang='lat' dir='ltr'><strong>eorum</strong></span> <span class='ocrx_word' id='word_1_110' title='bbox 997 1853 1160 1916; x_wconf 85' lang='lat' dir='ltr'><strong>nihil</strong></span> <span class='ocrx_word' id='word_1_111' title='bbox 1219 1853 1306 1916; x_wconf 88' lang='lat' dir='ltr'><strong>ad</strong></span> <span class='ocrx_word' id='word_1_112' title='bbox 1361 1872 1485 1916; x_wconf 91' lang='lat' dir='ltr'><strong>nos</strong></span> <span class='ocrx_word' id='word_1_113' title='bbox 1531 1851 1855 1935; x_wconf 83' lang='lat' dir='ltr'><strong>pervenit.</strong></span> <span class='ocrx_word' id='word_1_114' title='bbox 1948 1851 2273 1936; x_wconf 84' lang='lat' dir='ltr'><strong>Papinius</strong></span> <span class='ocrx_word' id='word_1_115' title='bbox 2334 1870 2491 1916; x_wconf 86' lang='lat' dir='ltr'><strong>vero</strong></span> <span class='ocrx_word' id='word_1_116' title='bbox 2533 1850 2735 1930; x_wconf 76' lang='lat' dir='ltr'><strong>filiuS,</strong></span> 
     </span>
     <span class='ocr_line' id='line_1_16' title="bbox 522 1951 2733 2034; baseline 0.001 -18"><span class='ocrx_word' id='word_1_117' title='bbox 522 1951 795 2032; x_wconf 81' lang='lat' dir='ltr'><strong>juvenis</strong></span> <span class='ocrx_word' id='word_1_118' title='bbox 845 1953 1090 2030; x_wconf 87' lang='lat' dir='ltr'><strong>adbuc,</strong></span> <span class='ocrx_word' id='word_1_119' title='bbox 1137 1954 1498 2018; x_wconf 72' lang='lat' dir='ltr'><strong>Claudiam</strong></span> <span class='ocrx_word' id='word_1_120' title='bbox 1545 1953 1821 2017; x_wconf 79' lang='lat' dir='ltr'><strong>Claudii</strong></span> <span class='ocrx_word' id='word_1_121' title='bbox 1868 1953 2285 2034; x_wconf 77' lang='lat' dir='ltr'><strong>Apollinaris</strong></span> <span class='ocrx_word' id='word_1_122' title='bbox 2318 1953 2550 2028; x_wconf 73' lang='lat' dir='ltr'><strong>filiam,</strong></span> <span class='ocrx_word' id='word_1_123' title='bbox 2574 1969 2733 2034; x_wconf 76' lang='lat' dir='ltr'><strong>quae</strong></span> 
     </span>
     <span class='ocr_line' id='line_1_17' title="bbox 531 2051 2736 2134; baseline -0.001 -14"><span class='ocrx_word' id='word_1_124' title='bbox 531 2052 828 2121; x_wconf 87' lang='lat' dir='ltr'><strong>Tibiciui</strong></span> <span class='ocrx_word' id='word_1_125' title='bbox 855 2059 1072 2134; x_wconf 85' lang='lat' dir='ltr'><strong>nupta</strong></span> <span class='ocrx_word' id='word_1_126' title='bbox 1097 2053 1338 2130; x_wconf 82' lang='lat' dir='ltr'><strong>fuerat,</strong></span> <span class='ocrx_word' id='word_1_127' title='bbox 1386 2057 1454 2116; x_wconf 87' lang='lat' dir='ltr'><strong>et</strong></span> <span class='ocrx_word' id='word_1_128' title='bbox 1486 2070 1584 2116; x_wconf 75' lang='lat' dir='ltr'><strong>ex</strong></span> <span class='ocrx_word' id='word_1_129' title='bbox 1610 2071 1697 2116; x_wconf 87' lang='lat' dir='ltr'><strong>eo</strong></span> <span class='ocrx_word' id='word_1_130' title='bbox 1726 2051 1937 2118; x_wconf 82' lang='lat' dir='ltr'><strong>filiam</strong></span> <span class='ocrx_word' id='word_1_131' title='bbox 1962 2056 2299 2134; x_wconf 74' lang='lat' dir='ltr'><strong>genuerat,</strong></span> <span class='ocrx_word' id='word_1_132' title='bbox 2328 2052 2579 2122; x_wconf 78' lang='lat' dir='ltr'><strong>amoris</strong></span> <span class='ocrx_word' id='word_1_133' title='bbox 2608 2053 2736 2118; x_wconf 83' lang='lat' dir='ltr'><strong>im-</strong></span> 
     </span>
     <span class='ocr_line' id='line_1_18' title="bbox 531 2151 2735 2242; baseline 0.001 -24"><span class='ocrx_word' id='word_1_134' title='bbox 531 2151 825 2242; x_wconf 81' lang='lat' dir='ltr'><strong>patiens,</strong></span> <span class='ocrx_word' id='word_1_135' title='bbox 851 2154 1050 2220; x_wconf 80' lang='lat' dir='ltr'><strong>duxit</strong></span> <span class='ocrx_word' id='word_1_136' title='bbox 1073 2173 1382 2232; x_wconf 82' lang='lat' dir='ltr'><strong>uxorem,</strong></span> <span class='ocrx_word' id='word_1_137' title='bbox 1421 2154 1535 2220; x_wconf 90' lang='lat' dir='ltr'><strong>cui</strong></span> <span class='ocrx_word' id='word_1_138' title='bbox 1577 2159 1789 2232; x_wconf 84' lang='lat' dir='ltr'><strong>tauta,</strong></span> <span class='ocrx_word' id='word_1_139' title='bbox 1840 2162 1920 2218; x_wconf 91' lang='lat' dir='ltr'><strong>ut</strong></span> <span class='ocrx_word' id='word_1_140' title='bbox 1962 2155 2059 2224; x_wconf 85' lang='lat' dir='ltr'><strong>ait</strong></span> <span class='ocrx_word' id='word_1_141' title='bbox 2104 2153 2550 2238; x_wconf 81' lang='lat' dir='ltr'><strong>Pomponius,</strong></span> <span class='ocrx_word' id='word_1_142' title='bbox 2592 2173 2735 2220; x_wconf 85' lang='lat' dir='ltr'><strong>mo·-</strong></span> 
     </span>
     <span class='ocr_line' id='line_1_19' title="bbox 534 2255 2735 2340; baseline 0.002 -20"><span class='ocrx_word' id='word_1_143' title='bbox 534 2256 751 2320; x_wconf 84' lang='lat' dir='ltr'><strong>destia</strong></span> <span class='ocrx_word' id='word_1_144' title='bbox 773 2261 843 2320; x_wconf 88' lang='lat' dir='ltr'><strong>et</strong></span> <span class='ocrx_word' id='word_1_145' title='bbox 869 2256 1176 2334; x_wconf 68' lang='lat' dir='ltr'><strong>castitaS,</strong></span> <span class='ocrx_word' id='word_1_146' title='bbox 1231 2256 1617 2338; x_wconf 87' lang='lat' dir='ltr'><strong>amorisque</strong></span> <span class='ocrx_word' id='word_1_147' title='bbox 1668 2257 2100 2324; x_wconf 81' lang='lat' dir='ltr'><strong>observantia</strong></span> <span class='ocrx_word' id='word_1_148' title='bbox 2130 2257 2375 2335; x_wconf 73' lang='lat' dir='ltr'><strong>mariti,</strong></span> <span class='ocrx_word' id='word_1_149' title='bbox 2404 2263 2478 2324; x_wconf 83' lang='lat' dir='ltr'><strong>ut</strong></span> <span class='ocrx_word' id='word_1_150' title='bbox 2502 2255 2735 2340; x_wconf 78' lang='lat' dir='ltr'><strong>viginti</strong></span> 
     </span>
     <span class='ocr_line' id='line_1_20' title="bbox 535 2356 2736 2442; baseline 0.002 -20"><span class='ocrx_word' id='word_1_151' title='bbox 535 2358 730 2422; x_wconf 85' lang='lat' dir='ltr'><strong>annis</strong></span> <span class='ocrx_word' id='word_1_152' title='bbox 757 2377 904 2422; x_wconf 85' lang='lat' dir='ltr'><strong>non.</strong></span> <span class='ocrx_word' id='word_1_153' title='bbox 920 2356 1268 2425; x_wconf 84' lang='lat' dir='ltr'><strong>fraudarit.</strong></span> <span class='ocrx_word' id='word_1_154' title='bbox 1359 2359 1741 2442; x_wconf 86' lang='lat' dir='ltr'><strong>Deceptum</strong></span> <span class='ocrx_word' id='word_1_155' title='bbox 1770 2359 1902 2428; x_wconf 82' lang='lat' dir='ltr'><strong>hoc</strong></span> <span class='ocrx_word' id='word_1_156' title='bbox 1929 2359 2081 2426; x_wconf 84' lang='lat' dir='ltr'><strong>loco</strong></span> <span class='ocrx_word' id='word_1_157' title='bbox 2110 2359 2501 2428; x_wconf 76' lang='lat' dir='ltr'><strong>crediderim</strong></span> <span class='ocrx_word' id='word_1_158' title='bbox 2531 2359 2736 2426; x_wconf 86' lang='lat' dir='ltr'><strong>Pom-</strong></span> 
     </span>
     <span class='ocr_line' id='line_1_21' title="bbox 535 2461 2734 2543; baseline 0.002 -18"><span class='ocrx_word' id='word_1_159' title='bbox 535 2461 832 2543; x_wconf 79' lang='lat' dir='ltr'><strong>ponium,</strong></span> <span class='ocrx_word' id='word_1_160' title='bbox 878 2467 946 2527; x_wconf 86' lang='lat' dir='ltr'><strong>et</strong></span> <span class='ocrx_word' id='word_1_161' title='bbox 971 2481 1124 2527; x_wconf 88' lang='lat' dir='ltr'><strong>eum</strong></span> <span class='ocrx_word' id='word_1_162' title='bbox 1155 2466 1456 2528; x_wconf 85' lang='lat' dir='ltr'><strong>secutum</strong></span> <span class='ocrx_word' id='word_1_163' title='bbox 1501 2461 2011 2541; x_wconf 79' lang='lat' dir='ltr'><strong>Maturantium,</strong></span> <span class='ocrx_word' id='word_1_164' title='bbox 2058 2481 2183 2530; x_wconf 88' lang='lat' dir='ltr'><strong>uec</strong></span> <span class='ocrx_word' id='word_1_165' title='bbox 2220 2464 2399 2536; x_wconf 81' lang='lat' dir='ltr'><strong>enim</strong></span> <span class='ocrx_word' id='word_1_166' title='bbox 2424 2482 2469 2529; x_wconf 87' lang='lat' dir='ltr'><strong>a</strong></span> <span class='ocrx_word' id='word_1_167' title='bbox 2494 2464 2734 2533; x_wconf 85' lang='lat' dir='ltr'><strong>marito</strong></span> 
     </span>
     <span class='ocr_line' id='line_1_22' title="bbox 534 2569 2735 2657; baseline 0.001 -22"><span class='ocrx_word' id='word_1_168' title='bbox 534 2569 819 2641; x_wconf 82' lang='lat' dir='ltr'><strong>Claudia</strong></span> <span class='ocrx_word' id='word_1_169' title='bbox 859 2571 1113 2643; x_wconf 84' lang='lat' dir='ltr'><strong>tamdiu</strong></span> <span class='ocrx_word' id='word_1_170' title='bbox 1157 2572 1398 2641; x_wconf 81' lang='lat' dir='ltr'><strong>abfuit.</strong></span> <span class='ocrx_word' id='word_1_171' title='bbox 1491 2572 1771 2650; x_wconf 73' lang='lat' dir='ltr'><strong>Enoris,</strong></span> <span class='ocrx_word' id='word_1_172' title='bbox 1796 2573 2059 2657; x_wconf 84' lang='lat' dir='ltr'><strong>opinor,</strong></span> <span class='ocrx_word' id='word_1_173' title='bbox 2092 2592 2367 2637; x_wconf 82' lang='lat' dir='ltr'><strong>causam</strong></span> <span class='ocrx_word' id='word_1_174' title='bbox 2394 2574 2735 2657; x_wconf 59' lang='lat' dir='ltr'><strong>praestitit,</strong></span> 
     </span>
     <span class='ocr_line' id='line_1_23' title="bbox 535 2672 2733 2759; baseline 0 -20"><span class='ocrx_word' id='word_1_175' title='bbox 535 2672 722 2759; x_wconf 89' lang='lat' dir='ltr'><strong>quod</strong></span> <span class='ocrx_word' id='word_1_176' title='bbox 751 2690 990 2756; x_wconf 83' lang='lat' dir='ltr'><strong>parum</strong></span> <span class='ocrx_word' id='word_1_177' title='bbox 1019 2675 1438 2742; x_wconf 79' lang='lat' dir='ltr'><strong>considerate</strong></span> <span class='ocrx_word' id='word_1_178' title='bbox 1463 2676 1673 2741; x_wconf 87' lang='lat' dir='ltr'><strong>Statii</strong></span> <span class='ocrx_word' id='word_1_179' title='bbox 1702 2695 1973 2741; x_wconf 86' lang='lat' dir='ltr'><strong>carmen</strong></span> <span class='ocrx_word' id='word_1_180' title='bbox 2004 2675 2096 2740; x_wconf 90' lang='lat' dir='ltr'><strong>ad</strong></span> <span class='ocrx_word' id='word_1_181' title='bbox 2128 2674 2485 2741; x_wconf 88' lang='lat' dir='ltr'><strong>Claudiam</strong></span> <span class='ocrx_word' id='word_1_182' title='bbox 2513 2677 2733 2759; x_wconf 87' lang='lat' dir='ltr'><strong>ipsam</strong></span> 
     </span>
     <span class='ocr_line' id='line_1_24' title="bbox 533 2776 2735 2847; baseline -0.001 -1"><span class='ocrx_word' id='word_1_183' title='bbox 533 2776 1018 2847; x_wconf 72' lang='lat' dir='ltr'><strong>examinarunt.</strong></span> <span class='ocrx_word' id='word_1_184' title='bbox 1111 2776 1358 2843; x_wconf 89' lang='lat' dir='ltr'><strong>Filium</strong></span> <span class='ocrx_word' id='word_1_185' title='bbox 1389 2800 1546 2844; x_wconf 88' lang='lat' dir='ltr'><strong>cum</strong></span> <span class='ocrx_word' id='word_1_186' title='bbox 1563 2798 1652 2843; x_wconf 84' lang='lat' dir='ltr'><strong>ex</strong></span> <span class='ocrx_word' id='word_1_187' title='bbox 1682 2778 1972 2844; x_wconf 87' lang='lat' dir='ltr'><strong>Claudia</strong></span> <span class='ocrx_word' id='word_1_188' title='bbox 2000 2797 2214 2843; x_wconf 86' lang='lat' dir='ltr'><strong>uxore</strong></span> <span class='ocrx_word' id='word_1_189' title='bbox 2241 2778 2501 2843; x_wconf 84' lang='lat' dir='ltr'><strong>nullum</strong></span> <span class='ocrx_word' id='word_1_190' title='bbox 2526 2778 2735 2843; x_wconf 85' lang='lat' dir='ltr'><strong>habe—</strong></span> 
     </span>
     <span class='ocr_line' id='line_1_25' title="bbox 529 2877 2763 2965; baseline -0.003 -16"><span class='ocrx_word' id='word_1_191' title='bbox 529 2884 655 2960; x_wconf 76' lang='lat' dir='ltr'><strong>ret,</strong></span> <span class='ocrx_word' id='word_1_192' title='bbox 685 2877 1002 2947; x_wconf 72' lang='lat' dir='ltr'><strong>iurantem</strong></span> <span class='ocrx_word' id='word_1_193' title='bbox 1048 2880 1179 2945; x_wconf 85' lang='lat' dir='ltr'><strong>sibi</strong></span> <span class='ocrx_word' id='word_1_194' title='bbox 1219 2879 1490 2947; x_wconf 83' lang='lat' dir='ltr'><strong>Statius</strong></span> <span class='ocrx_word' id='word_1_195' title='bbox 1521 2881 1895 2965; x_wconf 83' lang='lat' dir='ltr'><strong>adoptavit,</strong></span> <span class='ocrx_word' id='word_1_196' title='bbox 1940 2900 2143 2963; x_wconf 84' lang='lat' dir='ltr'><strong>quem</strong></span> <span class='ocrx_word' id='word_1_197' title='bbox 2186 2885 2589 2963; x_wconf 79' lang='lat' dir='ltr'><strong>praematura</strong></span> <span class='ocrx_word' id='word_1_198' title='bbox 2616 2880 2763 2943; x_wconf 78' lang='lat' dir='ltr'><strong>ex·&#39;</strong></span> 
     </span>
     <span class='ocr_line' id='line_1_26' title="bbox 530 2980 2732 3066; baseline -0.002 -17"><span class='ocrx_word' id='word_1_199' title='bbox 530 2981 814 3051; x_wconf 77' lang='lat' dir='ltr'><strong>tinctum</strong></span> <span class='ocrx_word' id='word_1_200' title='bbox 839 2987 1052 3047; x_wconf 85' lang='lat' dir='ltr'><strong>morte</strong></span> <span class='ocrx_word' id='word_1_201' title='bbox 1081 2984 1372 3049; x_wconf 84' lang='lat' dir='ltr'><strong>carmine</strong></span> <span class='ocrx_word' id='word_1_202' title='bbox 1400 2983 1697 3049; x_wconf 84' lang='lat' dir='ltr'><strong>deflevit.</strong></span> <span class='ocrx_word' id='word_1_203' title='bbox 1778 2981 2088 3066; x_wconf 84' lang='lat' dir='ltr'><strong>Vergeus</strong></span> <span class='ocrx_word' id='word_1_204' title='bbox 2133 3003 2289 3047; x_wconf 80' lang='lat' dir='ltr'><strong>vero</strong></span> <span class='ocrx_word' id='word_1_205' title='bbox 2332 2980 2423 3046; x_wconf 88' lang='lat' dir='ltr'><strong>ad</strong></span> <span class='ocrx_word' id='word_1_206' title='bbox 2472 2982 2732 3046; x_wconf 81' lang='lat' dir='ltr'><strong>senium</strong></span> 
     </span>
     <span class='ocr_line' id='line_1_27' title="bbox 534 3081 2733 3168; baseline -0.003 -16"><span class='ocrx_word' id='word_1_207' title='bbox 534 3081 920 3165; x_wconf 82' lang='lat' dir='ltr'><strong>Neapolim,</strong></span> <span class='ocrx_word' id='word_1_208' title='bbox 941 3101 1361 3151; x_wconf 84' lang='lat' dir='ltr'><strong>communem</strong></span> <span class='ocrx_word' id='word_1_209' title='bbox 1383 3086 1713 3151; x_wconf 87' lang='lat' dir='ltr'><strong>ambobus</strong></span> <span class='ocrx_word' id='word_1_210' title='bbox 1735 3085 2047 3168; x_wconf 80' lang='lat' dir='ltr'><strong>patriam,</strong></span> <span class='ocrx_word' id='word_1_211' title='bbox 2068 3082 2422 3148; x_wconf 84' lang='lat' dir='ltr'><strong>Claudiam</strong></span> <span class='ocrx_word' id='word_1_212' title='bbox 2442 3084 2733 3147; x_wconf 83' lang='lat' dir='ltr'><strong>carmine</strong></span> 
     </span>
     <span class='ocr_line' id='line_1_28' title="bbox 531 3182 2732 3271; baseline 0 -22"><span class='ocrx_word' id='word_1_213' title='bbox 531 3184 899 3249; x_wconf 84' lang='lat' dir='ltr'><strong>revocavit.</strong></span> <span class='ocrx_word' id='word_1_214' title='bbox 986 3182 1386 3268; x_wconf 84' lang='lat' dir='ltr'><strong>Ambigitur,</strong></span> <span class='ocrx_word' id='word_1_215' title='bbox 1414 3189 1570 3271; x_wconf 86' lang='lat' dir='ltr'><strong>quis</strong></span> <span class='ocrx_word' id='word_1_216' title='bbox 1616 3191 1965 3270; x_wconf 78' lang='lat' dir='ltr'><strong>superstes</strong></span> <span class='ocrx_word' id='word_1_217' title='bbox 1992 3186 2209 3252; x_wconf 75' lang='lat' dir='ltr'><strong>fuerit.</strong></span> <span class='ocrx_word' id='word_1_218' title='bbox 2294 3184 2564 3251; x_wconf 82' lang='lat' dir='ltr'><strong>Albano</strong></span> <span class='ocrx_word' id='word_1_219' title='bbox 2590 3203 2732 3249; x_wconf 82' lang='lat' dir='ltr'><strong>cer-</strong></span> 
     </span>
     <span class='ocr_line' id='line_1_29' title="bbox 533 3285 2730 3371; baseline 0.001 -22"><span class='ocrx_word' id='word_1_220' title='bbox 533 3286 808 3364; x_wconf 83' lang='lat' dir='ltr'><strong>tamine,</strong></span> <span class='ocrx_word' id='word_1_221' title='bbox 858 3285 1290 3355; x_wconf 80' lang='lat' dir='ltr'><strong>Domitianus</strong></span> <span class='ocrx_word' id='word_1_222' title='bbox 1339 3286 1574 3354; x_wconf 70' lang='lat' dir='ltr'><strong>Caesar</strong></span> <span class='ocrx_word' id='word_1_223' title='bbox 1616 3286 1873 3365; x_wconf 87' lang='lat' dir='ltr'><strong>eadem,</strong></span> <span class='ocrx_word' id='word_1_224' title='bbox 1928 3306 2065 3370; x_wconf 87' lang='lat' dir='ltr'><strong>qua</strong></span> <span class='ocrx_word' id='word_1_225' title='bbox 2092 3292 2374 3371; x_wconf 86' lang='lat' dir='ltr'><strong>patrem,</strong></span> <span class='ocrx_word' id='word_1_226' title='bbox 2404 3287 2524 3370; x_wconf 90' lang='lat' dir='ltr'><strong>qui</strong></span> <span class='ocrx_word' id='word_1_227' title='bbox 2554 3306 2730 3369; x_wconf 78' lang='lat' dir='ltr'><strong>prae-</strong></span> 
     </span>
     <span class='ocr_line' id='line_1_30' title="bbox 530 3386 2729 3474; baseline 0.001 -23"><span class='ocrx_word' id='word_1_228' title='bbox 530 3406 690 3462; x_wconf 76' lang='lat' dir='ltr'><strong>sens</strong></span> <span class='ocrx_word' id='word_1_229' title='bbox 713 3394 884 3465; x_wconf 86' lang='lat' dir='ltr'><strong>erat,</strong></span> <span class='ocrx_word' id='word_1_230' title='bbox 921 3386 1134 3459; x_wconf 82' lang='lat' dir='ltr'><strong>filium</strong></span> <span class='ocrx_word' id='word_1_231' title='bbox 1165 3405 1431 3470; x_wconf 84' lang='lat' dir='ltr'><strong>corona,</strong></span> <span class='ocrx_word' id='word_1_232' title='bbox 1478 3410 1560 3459; x_wconf 83' lang='lat' dir='ltr'><strong>ac</strong></span> <span class='ocrx_word' id='word_1_233' title='bbox 1591 3392 1748 3456; x_wconf 89' lang='lat' dir='ltr'><strong>item</strong></span> <span class='ocrx_word' id='word_1_234' title='bbox 1777 3409 1937 3474; x_wconf 78' lang='lat' dir='ltr'><strong>agro</strong></span> <span class='ocrx_word' id='word_1_235' title='bbox 1965 3389 2231 3455; x_wconf 86' lang='lat' dir='ltr'><strong>Albano</strong></span> <span class='ocrx_word' id='word_1_236' title='bbox 2258 3387 2729 3465; x_wconf 54' lang='lat' dir='ltr'><strong>donavitsbis·</strong></span> 
     </span>
     <span class='ocr_line' id='line_1_31' title="bbox 529 3489 2732 3577; baseline 0 -20"><span class='ocrx_word' id='word_1_237' title='bbox 529 3510 658 3573; x_wconf 87' lang='lat' dir='ltr'><strong>que</strong></span> <span class='ocrx_word' id='word_1_238' title='bbox 680 3508 844 3557; x_wconf 88' lang='lat' dir='ltr'><strong>auro</strong></span> <span class='ocrx_word' id='word_1_239' title='bbox 873 3491 1240 3575; x_wconf 80' lang='lat' dir='ltr'><strong>insignivit,</strong></span> <span class='ocrx_word' id='word_1_240' title='bbox 1272 3492 1763 3577; x_wconf 79' lang='lat' dir='ltr'><strong>splendidoque</strong></span> <span class='ocrx_word' id='word_1_241' title='bbox 1814 3512 1899 3557; x_wconf 86' lang='lat' dir='ltr'><strong>ac</strong></span> <span class='ocrx_word' id='word_1_242' title='bbox 1939 3489 2321 3572; x_wconf 86' lang='lat' dir='ltr'><strong>magnifico,</strong></span> <span class='ocrx_word' id='word_1_243' title='bbox 2352 3508 2509 3553; x_wconf 87' lang='lat' dir='ltr'><strong>cum</strong></span> <span class='ocrx_word' id='word_1_244' title='bbox 2536 3508 2732 3557; x_wconf 83' lang='lat' dir='ltr'><strong>sena·</strong></span> 
     </span>
     <span class='ocr_line' id='line_1_32' title="bbox 531 3590 2727 3677; baseline 0.001 -20"><span class='ocrx_word' id='word_1_245' title='bbox 531 3593 792 3663; x_wconf 79' lang='lat' dir='ltr'><strong>toribus</strong></span> <span class='ocrx_word' id='word_1_246' title='bbox 827 3594 1306 3677; x_wconf 83' lang='lat' dir='ltr'><strong>equitibusque</strong></span> <span class='ocrx_word' id='word_1_247' title='bbox 1350 3594 1703 3670; x_wconf 71' lang='lat' dir='ltr'><strong>Romanis,</strong></span> <span class='ocrx_word' id='word_1_248' title='bbox 1734 3592 2049 3660; x_wconf 85' lang='lat' dir='ltr'><strong>convivio</strong></span> <span class='ocrx_word' id='word_1_249' title='bbox 2078 3590 2402 3675; x_wconf 76' lang='lat' dir='ltr'><strong>suscepit,</strong></span> <span class='ocrx_word' id='word_1_250' title='bbox 2444 3590 2516 3655; x_wconf 89' lang='lat' dir='ltr'><strong>id</strong></span> <span class='ocrx_word' id='word_1_251' title='bbox 2545 3594 2727 3677; x_wconf 87' lang='lat' dir='ltr'><strong>quod</strong></span> 
     </span>
     <span class='ocr_line' id='line_1_33' title="bbox 526 3691 2727 3780; baseline 0.001 -21"><span class='ocrx_word' id='word_1_252' title='bbox 526 3696 817 3767; x_wconf 79' lang='lat' dir='ltr'><strong>carmine</strong></span> <span class='ocrx_word' id='word_1_253' title='bbox 846 3694 1092 3774; x_wconf 69' lang='lat' dir='ltr'><strong>Poeta,</strong></span> <span class='ocrx_word' id='word_1_254' title='bbox 1123 3696 1306 3780; x_wconf 88' lang='lat' dir='ltr'><strong>quod</strong></span> <span class='ocrx_word' id='word_1_255' title='bbox 1337 3694 1847 3761; x_wconf 84' lang='lat' dir='ltr'><strong>Eucharisticon</strong></span> <span class='ocrx_word' id='word_1_256' title='bbox 1878 3691 2251 3776; x_wconf 82' lang='lat' dir='ltr'><strong>inscripsit,</strong></span> <span class='ocrx_word' id='word_1_257' title='bbox 2278 3698 2569 3760; x_wconf 82' lang='lat' dir='ltr'><strong>testatus</strong></span> <span class='ocrx_word' id='word_1_258' title='bbox 2600 3702 2727 3762; x_wconf 81' lang='lat' dir='ltr'><strong>est.</strong></span> 
     </span>
     <span class='ocr_line' id='line_1_34' title="bbox 529 3794 2723 3883; baseline 0 -22"><span class='ocrx_word' id='word_1_259' title='bbox 529 3794 694 3873; x_wconf 78' lang='lat' dir='ltr'><strong>Quo</strong></span> <span class='ocrx_word' id='word_1_260' title='bbox 733 3796 828 3874; x_wconf 85' lang='lat' dir='ltr'><strong>fit,</strong></span> <span class='ocrx_word' id='word_1_261' title='bbox 873 3805 950 3863; x_wconf 82' lang='lat' dir='ltr'><strong>ut</strong></span> <span class='ocrx_word' id='word_1_262' title='bbox 999 3796 1252 3867; x_wconf 74' lang='lat' dir='ltr'><strong>fabulae</strong></span> <span class='ocrx_word' id='word_1_263' title='bbox 1295 3797 1554 3883; x_wconf 86' lang='lat' dir='ltr'><strong>potius,</strong></span> <span class='ocrx_word' id='word_1_264' title='bbox 1604 3816 1809 3881; x_wconf 86' lang='lat' dir='ltr'><strong>quam</strong></span> <span class='ocrx_word' id='word_1_265' title='bbox 1852 3794 2151 3861; x_wconf 80' lang='lat' dir='ltr'><strong>historiae</strong></span> <span class='ocrx_word' id='word_1_266' title='bbox 2192 3795 2420 3861; x_wconf 82' lang='lat' dir='ltr'><strong>simile</strong></span> <span class='ocrx_word' id='word_1_267' title='bbox 2462 3804 2723 3880; x_wconf 86' lang='lat' dir='ltr'><strong>putem,</strong></span> 
     </span>
     <span class='ocr_line' id='line_1_35' title="bbox 529 3898 2725 3985; baseline 0 -20"><span class='ocrx_word' id='word_1_268' title='bbox 529 3898 710 3981; x_wconf 79' lang='lat' dir='ltr'><strong>quod</strong></span> <span class='ocrx_word' id='word_1_269' title='bbox 755 3901 844 3967; x_wconf 89' lang='lat' dir='ltr'><strong>ab</strong></span> <span class='ocrx_word' id='word_1_270' title='bbox 885 3899 1228 3983; x_wconf 79' lang='lat' dir='ltr'><strong>aliquibus</strong></span> <span class='ocrx_word' id='word_1_271' title='bbox 1263 3900 1605 3985; x_wconf 85' lang='lat' dir='ltr'><strong>proditum</strong></span> <span class='ocrx_word' id='word_1_272' title='bbox 1626 3906 1752 3978; x_wconf 77' lang='lat' dir='ltr'><strong>eet,</strong></span> <span class='ocrx_word' id='word_1_273' title='bbox 1782 3899 2069 3965; x_wconf 82' lang='lat' dir='ltr'><strong>Statium</strong></span> <span class='ocrx_word' id='word_1_274' title='bbox 2097 3902 2442 3983; x_wconf 70' lang='lat' dir='ltr'><strong>praeacuto</strong></span> <span class='ocrx_word' id='word_1_275' title='bbox 2472 3899 2653 3983; x_wconf 83' lang='lat' dir='ltr'><strong>stylo</strong></span> <span class='ocrx_word' id='word_1_276' title='bbox 2680 3918 2725 3965; x_wconf 84' lang='lat' dir='ltr'><strong>a</strong></span> 
     </span>
     <span class='ocr_line' id='line_1_36' title="bbox 527 3999 2725 4087; baseline -0 -20"><span class='ocrx_word' id='word_1_277' title='bbox 527 3999 918 4073; x_wconf 84' lang='lat' dir='ltr'><strong>Domitiano</strong></span> <span class='ocrx_word' id='word_1_278' title='bbox 973 4000 1392 4068; x_wconf 81' lang='lat' dir='ltr'><strong>confossum.</strong></span> <span class='ocrx_word' id='word_1_279' title='bbox 1503 4002 1880 4085; x_wconf 65' lang='lat' dir='ltr'><strong>Supersunt</strong></span> <span class='ocrx_word' id='word_1_280' title='bbox 1934 4020 2095 4065; x_wconf 79' lang='lat' dir='ltr'><strong>vero</strong></span> <span class='ocrx_word' id='word_1_281' title='bbox 2149 4000 2237 4067; x_wconf 89' lang='lat' dir='ltr'><strong>ad</strong></span> <span class='ocrx_word' id='word_1_282' title='bbox 2302 4000 2451 4066; x_wconf 74' lang='lat' dir='ltr'><strong>haec</strong></span> <span class='ocrx_word' id='word_1_283' title='bbox 2510 4020 2725 4087; x_wconf 79' lang='lat' dir='ltr'><strong>usqua</strong></span> 
     </span>
     <span class='ocr_line' id='line_1_37' title="bbox 525 4100 2561 4192; baseline -0.003 -22"><span class='ocrx_word' id='word_1_284' title='bbox 525 4107 830 4192; x_wconf 79' lang='lat' dir='ltr'><strong>tempora</strong></span> <span class='ocrx_word' id='word_1_285' title='bbox 856 4103 1004 4171; x_wconf 77' lang='lat' dir='ltr'><strong>baec</strong></span> <span class='ocrx_word' id='word_1_286' title='bbox 1031 4104 1236 4173; x_wconf 78' lang='lat' dir='ltr'><strong>Statii</strong></span> <span class='ocrx_word' id='word_1_287' title='bbox 1265 4124 1500 4187; x_wconf 73' lang='lat' dir='ltr'><strong>opera,</strong></span> <span class='ocrx_word' id='word_1_288' title='bbox 1523 4105 1843 4182; x_wconf 85' lang='lat' dir='ltr'><strong>Thebais,</strong></span> <span class='ocrx_word' id='word_1_289' title='bbox 1872 4110 1947 4169; x_wconf 87' lang='lat' dir='ltr'><strong>ut</strong></span> <span class='ocrx_word' id='word_1_290' title='bbox 1970 4104 2262 4188; x_wconf 80' lang='lat' dir='ltr'><strong>ipsemet</strong></span> <span class='ocrx_word' id='word_1_291' title='bbox 2290 4100 2561 4181; x_wconf 83' lang='lat' dir='ltr'><strong>cecinit,</strong></span> 
     </span>
    </p>

    <p class='ocr_par' dir='ltr' id='par_1_3' title="bbox 537 4206 2216 4293">
     <span class='ocr_line' id='line_1_38' title="bbox 537 4206 2216 4293; baseline 0.003 -24"><span class='ocrx_word' id='word_1_292' title='bbox 537 4265 542 4269; x_wconf 85' lang='lat'><strong>.</strong></span> <span class='ocrx_word' id='word_1_293' title='bbox 1239 4208 1452 4275; x_wconf 84' lang='lat' dir='ltr'><strong>multa</strong></span> <span class='ocrx_word' id='word_1_294' title='bbox 1477 4206 1783 4277; x_wconf 81' lang='lat' dir='ltr'><strong>cruciata</strong></span> <span class='ocrx_word' id='word_1_295' title='bbox 1812 4207 2092 4293; x_wconf 82' lang='lat' dir='ltr'><strong>lima5</strong></span> <span class='ocrx_word' id='word_1_296' title='bbox 2208 4236 2216 4243; x_wconf 91' lang='lat'><strong>·</strong></span> 
     </span>
    </p>
   </div>
   <div class='ocr_carea' id='block_1_3' title="bbox 3180 871 3184 1446">
    <p class='ocr_par' dir='ltr' id='par_1_4' title="bbox 3180 871 3184 1446">
     <span class='ocr_line' id='line_1_39' title="bbox 3180 871 3184 1446; baseline 0 0"><span class='ocrx_word' id='word_1_297' title='bbox 3180 871 3184 1446; x_wconf 95' lang='lat' dir='ltr'><strong> </strong></span> 
     </span>
    </p>
   </div>
  </div>
 </body>
</html>
