3200 4913
1187 347 1196 355 ’
1313 367 1727 436 passuro.
2526 373 2612 438 18

419 523 749 603 benderis,
778 524 1068 609 injicias,
1095 509 1673 608 quaeso,'manum,
1720 533 1790 592 et
1826 525 1895 591 in
1924 525 2105 592 viam
2151 526 2473 610 reducas3
2518 530 2611 596 le-

419 627 597 692 niter
623 632 848 692 tamen
875 636 946 692 et
973 629 1120 704 sine
1167 628 1556 706 acerbitate,
1606 633 1802 712 prout
1844 629 2045 694 decet
2090 629 2435 696 Musarum
2476 652 2609 698 non

419 725 627 792 duelli
675 734 746 792 et
772 729 1132 795 discordioe
1159 729 1372 794 sacris
1416 737 1733 810 operatos
1762 750 1780 795 z
1821 749 2037 812 neque
2063 730 2259 807 enim,
2290 732 2351 794 si
2382 733 2610 803 calcu÷

417 825 558 894 lum
585 835 766 894 recte
789 849 1030 913 ponas,
1049 831 1218 896 tanti
1239 837 1396 894 sunt
1421 829 1933 896 allucinationes
1950 851 2119 898 meae
2151 838 2226 898 ut
2254 839 2611 918 propterea

417 932 491 993 tu
513 928 990 996 humanitatem
1035 951 1291 1016 exuas;
1353 939 1424 996 et
1467 931 1659 1014 longe
1702 937 1855 998 ante
1892 932 2019 998 tibi
2048 932 2383 1012 denuntio,
2414 935 2475 998 si
2504 955 2609 1000 me

415 1038 738 1098 errantem
761 1033 1138 1114 coargueris
1156 1052 1246 1099 ex
1265 1033 1529 1099 ratione
1549 1033 1647 1098 rei
1663 1041 1733 1097 et
1760 1038 2051 1098 veterum
2074 1035 2610 1115 auctoritatibus,

416 1130 792 1217 (quomodo
823 1140 1047 1199 tecum
1078 1131 1262 1218 ago,)
1301 1155 1408 1198 me
1453 1135 1672 1218 primo
1721 1135 1965 1200 intuitu
2012 1153 2251 1199 manus
2279 1134 2607 1214 daturum,

415 1239 488 1304 et
511 1232 856 1298 fassurum
887 1235 1032 1298 sine
1073 1235 1280 1316 flagro
1309 1241 1377 1298 et
1407 1234 1825 1312 verberibus,
1850 1255 2003 1318 quae
2033 1237 2265 1319 procul
2292 1256 2609 1303 amoven-

417 1337 524 1398 ter
550 1352 594 1398 a
618 1334 1014 1400 liberalibus
1043 1335 1461 1420 disciplinis3
1505 1337 1574 1400 in
1606 1338 1853 1419 quibus
1890 1339 2295 1422 quicumque
2326 1340 2611 1422 ingenue

415 1445 739 1514 versatur,
767 1437 942 1500 civis
991 1435 1342 1504 Romanus
1371 1443 1495 1502 est.
1583 1437 1675 1502 Et
1716 1438 1879 1521 quid
1922 1439 1985 1507 si
2026 1458 2153 1521 ego
2198 1441 2555 1506 erraverim
2574 1442 2606 1504 ‘l

415 1536 568 1620 quis
594 1535 726 1602 hoc
756 1556 798 1599 a
825 1555 932 1600 me
960 1537 1196 1618 exigit,
1225 1545 1344 1602 aut
1372 1538 1647 1621 quando
1686 1539 1963 1622 promisi
1990 1539 2303 1619 futurum,
2334 1545 2410 1606 ut
2436 1560 2608 1605 nun·

416 1657 617 1721 quam
644 1637 911 1712 fallerer
931 1639 963 1702 'l
1007 1658 1090 1703 an
1121 1641 1184 1704 si
1209 1638 1438 1704 decem
1469 1638 1647 1703 locis
1676 1637 1788 1722 (ut
1819 1639 2144 1706 Gronovii
2173 1642 2397 1707 verbis
2426 1640 2611 1726 utar)

415 1745 518 1804 ter
543 1741 972 1816 excidissem,
999 1740 1238 1806 malles
1288 1745 1362 1808 tu
1408 1742 1661 1823 septies
1708 1739 1885 1806 falsa
1915 1747 1985 1805 et
2010 1741 2296 1808 obscura
2324 1744 2633 1818 lectione.

415 1842 727 1924 torqueri,
757 1859 962 1923 quam
991 1847 1128 1906 tres
1157 1841 1318 1906 mihi
1335 1841 1574 1924 lapsus
1602 1848 1673 1905 et
1684 1851 2055 1908 monstrare
2082 1849 2150 1906 et
2177 1843 2552 1908 condonare
2574 1846 2605 1908 'l

417 1961 576 2021 non,
605 1942 882 2025 opinor3
947 1943 1006 2006 si
1033 1942 1366 2008 hominem
1403 1949 1472 2006 te
1513 1940 1913 2006 memineris.
2000 1941 2195 2006 Neve
2224 1941 2373 2008 haec
2402 1944 2609 2024 gratis

416 2042 596 2110 dicta
626 2050 852 2126 putes,
878 2042 1004 2107 hac
1043 2043 1408 2106 occasione
1435 2047 1783 2126 stuporem
1820 2059 2039 2104 meum
2068 2043 2244 2106 ultro
2268 2060 2605 2126 agnosco3

415 2143 533 2228 qui
563 2143 704 2208 alio
735 2140 1084 2224 opusculo
1109 2141 1356 2225 (Epist.
1388 2141 1622 2206 Critic.
1651 2161 1717 2225 p.
1744 2138 1886 2225 39.)
1925 2142 1996 2206 in
2024 2143 2175 2208 loco
2197 2142 2277 2208 L.
2308 2143 2491 2209 Flori
2522 2135 2606 2212 1'1.

413 2245 480 2310 2.
509 2263 658 2327 pro,
690 2247 711 2276 ‘
739 2241 1040 2306 Africam
1067 2250 1139 2307 et
1168 2241 1400 2324 Syrtes
1425 2243 1721 2307 omnium
1764 2240 2045 2324 imperia
2074 2243 2393 2324 gentium,
2424 2246 2609 2312 insu-

412 2346 630 2413 larum
658 2343 888 2408 littora
912 2340 1242 2425 replevit,’
1267 2342 1607 2425 legebam:
1656 2346 1676 2376 ‘
1710 2341 1942 2423 Syrtes
1986 2349 2056 2408 et
2096 2344 2391 2410 omnium
2422 2347 2489 2410 in
2520 2367 2605 2413 eo

413 2446 582 2515 mari
599 2444 964 2530 jacentium
993 2443 1346 2509 insularum
1373 2443 1597 2509 littora
1619 2441 1659 2523 ς’
1704 2462 1855 2507 cum
1899 2463 2129 2509 verum
2156 2453 2365 2527 esset,
2396 2451 2417 2481 ‘
2448 2449 2606 2533 Syr-

413 2556 522 2615 tes
549 2554 622 2613 et
647 2546 948 2611 omnium
977 2544 1513 2629 interjacentium
1545 2544 1911 2610 insularum
1938 2547 2165 2611 littora
2190 2546 2230 2627 ς’
2272 2554 2469 2632 prout
2496 2570 2605 2615 me

414 2650 690 2716 comiter
716 2652 1112 2714 monuerunt
1141 2648 1385 2711 summi
1416 2647 1540 2710 viri
1569 2644 1985 2711 Franciscus
2017 2648 2207 2713 Hare
2248 2657 2318 2712 et
2364 2650 2605 2717 Ricar-

415 2752 545 2817 dus
573 2749 940 2827 Bentleius,
979 2754 1049 2813 et
1095 2750 1394 2815 eruditus
1442 2750 1542 2812 vir
1571 2747 1819 2812 Daniel
1842 2748 2207 2827 Walterus,
2235 2756 2417 2815 tutor
2444 2752 2603 2817 olim

413 2870 650 2917 meus:
694 2850 944 2934 quibus
980 2850 1144 2915 viris
1190 2847 1787 2935 praestantissimis,
1818 2854 1891 2913 et
1915 2846 2067 2925 hoc,
2097 2854 2162 2912 et
2191 2849 2421 2915 multis
2450 2853 2603 2919 aliis

409 2951 818 3029 nominibuS,
849 2952 1250 3016 obstrictum
1293 2970 1398 3015 me
1442 2948 1739 3035 profiteri
1766 2948 2051 3031 gaudeo.
2138 2948 2325 3017 Idem
2354 2950 2603 3018 dictum

414 3053 570 3119 volo
599 3053 686 3117 de
713 3054 868 3118 loco
912 3052 1253 3119 Ciceronis
1301 3052 1386 3119 de
1441 3051 1605 3116 Nat.
1654 3051 1856 3116 Deor.
1892 3066 2003 3117 ιη.
2030 3051 2137 3116 35.
2166 3052 2283 3115 ubi
2312 3071 2437 3134 pro
2482 3057 2503 3087 ‘
2536 3055 2603 3118 vi

416 3154 790 3237 timpanitis
845 3173 1008 3236 rogo
1063 3154 1294 3219 illatus
1347 3153 1496 3229 est,’
1551 3153 1857 3235 legebam
1882 3172 1901 3217 t
1954 3156 1975 3186 ‘
2005 3152 2077 3215 in
2134 3152 2607 3236 triumphantis,

419 3260 584 3336 toga
609 3254 822 3319 elatus
849 3260 954 3319 est
974 3254 1014 3321 ε’
1056 3255 1237 3338 quod
1268 3252 1510 3319 falsum
1541 3259 1668 3331 est,
1698 3271 1852 3316 cum
1882 3251 1967 3315 de
2000 3251 2338 3335 Dionysio
2370 3253 2600 3319 Siculo

415 3374 634 3421 sermo
661 3353 806 3433 fiat,
837 3356 946 3420 cui
975 3374 1110 3420 non
1147 3356 1474 3437 competit
1527 3359 1548 3389 ‘
1578 3352 1775 3437 toga,’
1802 3372 1959 3438 quae
1991 3352 2445 3419 Romanorum
2472 3361 2598 3419 est.

415 3455 973 3641 seggsssiiffibus
999 3554 1230 3620 harum
1260 3555 1619 3639 Sylvarum
1674 3500 2059 3618 Editor-ibus
2090 3574 2325 3637 parum
2353 3555 2599 3635 dicam,

411 3678 496 3724 ne
521 3650 750 3723 eorum
779 3656 1354 3721 existimationem
1383 3675 1564 3733 vero,
1593 3660 1713 3719 aut
1734 3655 1868 3719 mei
1896 3654 2113 3737 ipsius
2143 3653 2315 3718 salso
2332 3654 2597 3738 judicio

413 3758 682 3827 laedam.
767 3759 931 3823 Hoc
959 3757 1182 3823 solum
1225 3757 1484 3823 audebo
1533 3756 1781 3834 dicere,
1808 3774 1927 3820 eos
1955 3754 2157 3819 nimis
2184 3754 2594 3837 negligenter

412 3858 568 3925 huic
596 3862 790 3943 operi
821 3860 1212 3941 assiluisse3
1275 3858 1434 3924 dum
1463 3876 1669 3923 unum
1696 3855 1996 3940 quemvis
2022 3855 2249 3920 locum
2278 3856 2596 3939 arripien-

411 3968 516 4025 tes
541 3961 612 4025 in
637 3980 776 4043 quo
806 3960 1037 4044 aliqua
1067 3964 1248 4024 esset
1276 3958 1605 4023 Codicum
1649 3964 1771 4023 aut
1798 3956 2183 4023 Editionum
2213 3956 2596 4043 discrepan-

410 4062 531 4141 tia,
548 4060 708 4125 huic
736 4061 852 4125 uni
879 4060 1271 4129 catervatim
1299 4058 1761 4136 incubuerunt,
1800 4057 1884 4122 de
1930 4059 2163 4123 decem
2192 4059 2593 4127 obscuriori·-

411 4163 536 4229 bus
563 4171 634 4229 et
663 4161 1238 4247 depravatioribus
1279 4159 1520 4235 securi,
1547 4164 1613 4223 et
1637 4178 1720 4225 ne
1747 4160 2025 4227 verbum
2054 4158 2319 4243 quidem
2348 4159 2593 4227 facien-
