3200 4913
1087 429 1152 476 Ρ.
1201 424 1488 476 ΡΑΡΙΝΙῙ
1537 422 1793 476 ΒΤΑΤῙΙ
1844 418 2051 476 ver.
2580 413 2671 481 27

469 587 670 667 idem,
703 588 822 672 qni
862 585 1276 671 Argumenta
1315 586 1578 672 reliquit
1624 586 1982 653 Ovidianae
2030 581 2677 672 Metamorphoseos.

469 689 621 758 Etsi
647 710 779 756 non
807 691 1108 774 ignorem
1137 711 1182 756 a
1221 688 1625 774 quibusdam
1665 687 2011 755 Lutatium
2059 687 2217 756 dici.
2304 687 2508 756 Prius
2552 708 2675 754 no-

470 812 623 858 men
673 793 987 876 agnoscit
1029 798 1096 858 et
1132 794 1518 859 Boccacius
1547 791 1632 858 de
1660 791 2077 876 Genealogia
2126 790 2445 870 Deorum,
2471 791 2588 855 lib.
2621 808 2675 856 1.

471 915 625 980 pag.
667 895 733 961 8.
779 900 800 930 ‘
822 895 1246 973 Lactantius,
1272 895 1554 978 insignis
1579 895 1808 974 homo,
1830 894 2235 980 doctusque,
2268 912 2480 978 super
2524 880 2679 960 Sta-

473 999 638 1062 tium
693 996 1041 1063 scribens!
1126 997 1282 1062 Nec
1333 997 1651 1082 displicet
1688 995 1875 1082 qnod
1916 996 2351 1082 suspicantur
2399 995 2677 1062 easdem

473 1099 684 1164 videri
713 1100 996 1183 glossas,
1029 1119 1186 1185 quae
1217 1101 1484 1166 Placidi
1513 1100 1847 1166 dicuntur.
1934 1098 2192 1164 Mirum
2205 1117 2369 1162 vero
2396 1095 2678 1163 Martia·

473 1202 632 1282 lem,
683 1221 835 1268 cum
887 1203 1059 1270 adeo
1099 1205 1397 1270 celebret
1441 1203 1721 1270 Stellam
1763 1200 2075 1278 Poetam,
2121 1201 2205 1264 de
2232 1218 2371 1282 quo
2398 1200 2679 1265 inferius

477 1303 720 1382 dicam,
745 1323 886 1370 non
905 1305 1296 1370 meminisse
1320 1305 1546 1384 Statii,
1571 1305 1747 1372 tanti
1776 1302 1979 1370 amici
2007 1301 2266 1381 Stellae,
2290 1307 2363 1366 ut
2386 1301 2452 1367 ei
2479 1301 2680 1368 mise-

475 1405 568 1471 rit
617 1406 910 1490 primum
967 1407 1344 1490 Sylvarum.
1431 1406 1701 1491 Nempe
1748 1407 1837 1472 ab
1878 1404 2136 1470 invidia
2180 1404 2249 1470 id
2302 1403 2683 1487 profectum

479 1507 768 1574 videtur.
857 1507 1018 1573 Non
1076 1509 1331 1576 ferebat
1384 1507 1729 1576 Martialis
1785 1506 2169 1591 Papinium„
2201 1512 2555 1592 tantopere
2610 1509 2684 1573 in

480 1612 693 1694 gratia
721 1630 878 1676 esse
909 1611 1096 1694 apud
1145 1611 1632 1689 Domitianum,
1674 1612 1876 1694 idque
1919 1612 2008 1675 ob
2036 1608 2571 1694 extemporalem
2614 1610 2687 1674 in

481 1714 777 1778 carmine
789 1711 1202 1792 felicitatem,
1227 1733 1370 1797 qua
1389 1711 1734 1776 Martialis
1757 1712 1952 1796 longe
1972 1709 2385 1776 vincebatur.
2429 1709 2685 1776 Parum

485 1815 772 1880 amicum
827 1813 1118 1902 Papinio
1167 1813 1383 1878 fuisse
1428 1813 1814 1876 Martialem
1854 1830 1946 1876 ex
1982 1831 2067 1876 eo
2096 1810 2455 1892 colligitur,
2498 1809 2685 1896 quod

481 1934 820 1998 nunquam
845 1915 1141 2000 aqualis
1169 1914 1278 1978 sui
1301 1913 1880 1978 meminerit:.tum
1905 1913 2083 1993 aliis,
2113 1931 2267 1995 quae
2292 1912 2477 1995 legas
2503 1909 2687 1995 apud

483 2016 876 2086 Gevarn‘nm
907 2013 994 2080 ad
1025 2013 1399 2100 Sylvarum,
1429 2012 1544 2078 lib.
1579 2028 1629 2075 ι.
