3200 4913
734 423 1154 477 Aucroauu
1201 421 1673 474 rusrffloms
1724 425 1820 474 nu
1870 424 2033 475 nr.
2084 427 2377 478 surio.
2570 407 2661 480 329

580 581 996 676 scholiastes
1025 609 1366 696 Antiquus
1397 609 1484 675 ad
1515 605 1751 676 Verba
1779 609 1825 677 J
1828 557 2131 678 uvenalis
2158 609 2529 700 superiora.

538 741 804 824 Amica]
870 709 1128 834 Gratia.
1161 746 1516 830 Significat
1544 747 1805 813 Posma
1834 749 2035 814 statii
2068 749 2153 814 do
2182 751 2362 817 bello
2392 751 2659 818 Theba-

446 871 556 917 no.
649 849 898 915 Laetam
939 847 1198 932 Urbem]
1240 851 1406 916 Ideo
1433 852 1594 936 qui-a
1621 851 1903 918 libenter
1932 852 2272 922 audiebat.
2332 855 2456 922 Est
2482 857 2658 922 enim

447 961 524 1017 et
552 952 814 1018 Poiima
841 953 1066 1038 ipsum
1096 953 1529 1033 delectabile,
1573 961 1647 1020 et
1692 955 1841 1039 ipse
1882 955 2118 1023 dicitur
2146 959 2393 1023 bonam
2420 977 2657 1025 vocem

445 1055 790 1120 habuisse.
882 1053 1017 1118 Sed
1049 1073 1184 1120 cum
1207 1051 1456 1142 fregit]
1499 1053 1673 1122 Post
1732 1063 1992 1122 tantum
2036 1059 2333 1126 savorem
2380 1060 2657 1126 audien·

447 1159 636 1235 tium,
687 1158 822 1221 nisi
869 1157 1250 1223 cantionem
1305 1157 1675 1223 inauditam
1731 1158 2159 1225 Pantomimo
2209 1163 2656 1245 vendidisset,

449 1278 586 1324 non
612 1258 917 1324 habebat
937 1258 1116 1325 unde
1144 1279 1218 1324 se
1248 1265 1677 1324 sustentaret.
2276 1257 2281 1264 ’

1025 1409 1285 1478 Auctor
1314 1408 1535 1478 Vetus
1563 1405 1755 1478 Vitoe
1786 1411 2082 1496 Papinii.

531 1529 812 1596 Constat
833 1529 1050 1595 fuisse
1077 1529 1376 1596 Statium
1403 1533 1811 1615 temporibus
1837 1529 2254 1614 Vespasiani
2278 1523 2656 1622 Imperato-

445 1632 560 1709 ris,
613 1639 681 1698 et
733 1633 1122 1714 pervenisse
1166 1632 1258 1698 ad
1307 1631 1677 1715 Imperium
1731 1633 2128 1698 Domitiani.
2220 1633 2383 1701 Fuit
2438 1635 2657 1703 nobili

446 1739 633 1798 ortus
655 1733 1008 1818 prosapia,
1040 1733 1258 1800 clarus
1288 1734 1582 1817 ingenio,
1614 1741 1687 1799 et
1711 1733 1961 1800 >doctus
1990 1736 2289 1822 eloquio.

901 1873 982 1938 C.
1017 1875 1348 1958 Sulpitius
1377 1875 1699 1954 Severus,
1733 1877 2035 1960 Dialogo
2064 1895 2183 1944 111.

535 1991 898 2070 Nimirum,
925 1997 1008 2057 ut
1035 1991 1214 2056 dixit
1242 1990 1462 2056 Poeta
1483 1993 1725 2056 nescio
1754 1995 1939 2075 quis,
1976 1997 2223 2062 utimur
2246 1997 2426 2062 enim
2462 2019 2657 2065 versu

445 2094 890 2172 Scholastico,
949 2094 1110 2177 quia
1173 2093 1350 2156 inter
1411 2092 1873 2158 Scholasticos
1917 2095 2333 2164 fabulamur:
2380 2105 2401 2134 ‘
2425 2099 2657 2186 Capti-

440 2215 735 2282 vumque
761 2215 956 2261 suem
981 2193 1379 2294 mirantibus
1410 2194 1637 2262 intulit
1664 2193 1907 2281 Argis?

533 2355 952 2421 Claudianus
986 2352 1356 2419 Mamertus
1387 2353 1470 2418 de
1505 2353 1703 2420 Statu
1733 2353 2027 2436 Animae,
2055 2356 2173 2424 lib.
2208 2375 2257 2425 ι.
2289 2373 2441 2447 cap.
2461 2361 2571 2428 20.

531 2473 728 2540 Unde
751 2494 884 2539 non
909 2472 1214 2551 Poetice,
1245 2472 1367 2538 sed
1397 2473 1886 2558 Philosophiae
1915 2476 2243 2563 Papinius
2271 2482 2406 2545 ait:

876 2574 994 2639 odi
1025 2580 1208 2641 artus
1235 2574 1678 2659 fragilemque
1718 2577 1895 2643 hunc
1926 2583 2230 2663 corporis
2261 2602 2479 2660 usum,

708 2678 1134 2744 Desertorem
1161 2678 1388 2743 animi.

447 2832 530 2898 C.
575 2829 826 2898 Sollius
869 2828 1288 2914 Apollinaris
1335 2828 1684 2908 Sidoniae,
1727 2828 1951 2895 Carm.
1986 2844 2053 2895 V.
2084 2829 2171 2897 ad
2202 2830 2305 2897 Μ.
2336 2832 2657 2899 Felicem.

879 2947 1040 3014 Non
1067 2947 1250 3031 quod
1280 2946 1611 3031 Papinius
1638 2955 1794 3014 tuus
1828 2966 2177 3034 meusque,

879 3051 1069 3116 Inter
1097 3048 1490 3115 Labdacios
1517 3058 1724 3115 sonat.
1742 3051 2027 3131 furoreS‚

873 3153 1071 3218 Tunc
1101 3172 1256 3219 cum
1285 3152 1460 3217 forte
1489 3152 1744 3237 pedum
1768 3155 2023 3219 minore
2051 3154 2354 3239 rhythmo

877 3254 1110 3339 Pingit
1140 3274 1445 3338 gemmea
1471 3262 1667 3340 prata
1698 3252 2148 3341 Sylvularum.

1196 3407 1388 3472 Idem
1422 3409 1647 3475 Cam.
1682 3426 1919 3475 xxm.

535 3528 612 3594 Si
657 3528 810 3613 quis
855 3547 1125 3593 carmen
1169 3528 1506 3610 prolixius
1549 3535 1831 3591 eatenus
1874 3525 2139 3591 duxerit
2180 3542 2333 3591 esse
2374 3528 2653 3612 culpan*

444 3631 628 3709 dum,
671 3630 855 3716 quod
904 3628 1422 3715 Epigrammatis
1467 3630 1845 3695 excesserit
1886 3614 2307 3713 parcitatem,
2337 3631 2545 3694 istum
2574 3632 2655 3695 li-

447 3734 656 3815 quido
728 3738 938 3817 patet,
993 3751 1207 3817 neque
1275 3734 1603 3799 Balneum
1662 3732 1956 3810 Etrusci,
2006 3746 2229 3813 neque
2287 3728 2653 3807 Herculem

447 3836 927 3914 Surrentinum,
972 3854 1192 3919 neque
1245 3834 1500 3901 Comus
1546 3833 1651 3900 Fl.
1694 3833 1950 3910 Earini,
1993 3837 2211 3915 neque
2254 3830 2470 3897 Tibur
2509 3832 2655 3899 Vo-

443 3938 643 4020 pisci,
687 3958 904 4022 neque
954 3940 1225 4004 omnino
1271 3940 1630 4025 quicquam
1676 3938 1761 4002 de
1809 3933 2083 4019 Papinii
2110 3935 2325 3999 nostri
2354 3934 2653 4019 Sylvulis

445 4038 823 4118 lectitasse,
867 4058 1036 4123 quas
1065 4058 1294 4104 omnes
1324 4038 1841 4124 descriptioneS‚
1874 4036 2001 4102 Vir
2026 4035 2138 4101 ille
2165 4035 2653 4121 praejudicatis-

449 4138 657 4203 simus
678 4156 812 4203 non
838 4138 1269 4205 distichorum
1302 4146 1416 4206 aut
1441 4137 1984 4207 tetrastichorum
2014 4139 2273 4223 stringit
2299 4142 2650 4223 angustiiS,

449 4240 567 4303 sed
618 4240 869 4325 potiuS,
905 4248 986 4305 ut
1014 4240 1298 4326 Lyricus
1329 4241 1627 4311 Flaccus
1654 4244 1727 4309 in
1755 4241 1943 4309 Artis
1974 4232 2283 4309 Poeticae
2311 4243 2651 4310 volumine
