3200 4913
500 359 631 424 174
1252 370 1315 418 Ρ.
1364 367 1654 415 naemu
1705 367 1954 415 swam

848 513 937 578 Et
966 512 1187 577 Musae
1216 509 1452 594 procul
1477 511 1566 573 ite
1590 509 1893 574 feriatae:

846 616 895 681 J
899 617 1010 679 ani
1038 633 1164 678 vos
1193 612 1662 676 revocabimus
1691 609 2053 674 Kalendis·

848 717 1173 781 Saturnus
1202 714 1366 778 mihi
1398 712 1724 796 compede
1755 712 2094 787 exsoluta,

850 817 937 882 Et
966 816 1174 880 multo
1204 812 1523 897 gravidus
1552 832 1735 876 mero
1769 812 2163 886 December,
2653 809 2700 870 5

850 919 940 982 Et
968 917 1189 982 ridens
1215 914 1261 979 J
1266 935 1461 990 ocuS,
1492 923 1565 978 et
1594 913 1789 978 Sales
1829 913 2128 995 protervi

848 1017 1118 1096 Adsint,
1150 1018 1311 1081 dum
1342 1018 1553 1080 refero
1583 1016 1760 1078 diem
1791 1016 2056 1080 beatam

748 1121 758 1128 ’
850 1121 1026 1186 Laeti
1058 1119 1380 1196 Caesarss,
1412 1118 1800 1199 ebriamque
1829 1123 2112 1180 noctem.

847 1219 997 1285 Vix
1024 1219 1289 1286 Aurora
1312 1237 1531 1283 novos
1552 1218 1872 1282 movebat
1897 1223 2109 1294 ortuS,

504 1424 589 1457 nos
606 1407 761 1471 prima
780 1408 858 1455 die
876 1407 1119 1456 Januurii.
1185 1405 1421 1456 samm
1451 1404 1652 1454 ducalis
1685 1403 1931 1466 expeditus
1950 1408 1996 1451 et
2033 1402 2286 1451 December
2322 1401 2536 1449 madidus
2554 1401 2699 1448 meato

506 1474 633 1528 vino,
655 1473 901 1533 ridensque
916 1473 1079 1530 docus,
1095 1485 1151 1519 ae
1167 1469 1375 1533 protervi
1394 1469 1514 1518 sales
1542 1467 1721 1528 adsint,
1755 1469 1865 1516 dum
1886 1466 2093 1515 describo
2110 1466 2232 1515 dim
2239 1465 2431 1524 felicem
2448 1465 2703 1526 gaudentis

509 1535 737 1596 cesaris,
768 1540 817 1584 et
850 1536 1146 1584 temulentam
1180 1532 1332 1583 noctis
1360 1537 1562 1596 punem.
1639 1531 1736 1580 Vix
1769 1529 1960 1580 Aurora
1995 1529 2244 1580 reducebat
2264 1543 2404 1579 novos
2423 1535 2574 1592 ortus,
2590 1527 2699 1588 jum

1418 1674 1783 1694 ‘OORNMOO

507 1785 723 1833 Venett.
746 1787 795 1832 2.
814 1787 864 1832 8.
886 1786 934 1832 4.
956 1781 1113 1833 Aldd.
1134 1780 1303 1832 Colin.
1321 1781 1523 1846 Gryph.
1547 1786 1654 1832 ἅτε.
1703 1781 1840 1833 Vide
1863 1781 2032 1846 Epist.
2055 1781 2119 1831 ad
2143 1781 2475 1830 Stellam—2
2499 1779 2698 1830 Omnes

511 1848 665 1897 codd.
690 1853 745 1896 et
760 1847 881 1897 edd.
902 1855 1033 1896 vett.
1066 1847 1359 1908 iteseriatae,
1394 1849 1475 1896 vel
1494 1848 1714 1908 serium
1749 1847 2013 1896 Domitius
2029 1846 2340 1910 legijussit:
2375 1843 2702 1907 infer-istum,

510 1911 648 1974 qriod
666 1926 769 1960 non
785 1911 1041 1973 improbat
1058 1912 1382 1972 Bernartius3
1402 1910 1679 1962 Gevartins
1699 1925 1820 1961 vero
1840 1911 2079 1970 damnat;
2101 1926 2215 1960 nam
2225 1911 2436 1972 feriato,
2452 1909 2546 1970 ait,
2561 1908 2699 1957 idem

512 1977 617 2037 hic,
650 1975 787 2039 qnod
808 1977 825 2002 ⁴
844 1976 1027 2024 otiosae
1047 1975 1081 2036 ;'
1116 1983 1173 2024 nt
1196 1989 1279 2036 sp.
1304 1973 1459 2024 Auct.
1484 1976 1734 2039 Pervigil.
1764 1977 1897 2024 Ven.
1929 1980 1944 2004 ⁸
1963 1975 2049 2024 Ite
2072 1975 2329 2036 nympbae,
2349 1974 2518 2037 posuit
2539 1987 2699 2034 arma,

517 2038 733 2087 feriatus
756 2044 836 2086 est
875 2038 1161 2088 Amal-8
1194 2039 1351 2087 Hunc
1384 2052 1608 2101 versum,
1655 2047 1714 2089 ut
1754 2040 2002 2102 spurium,
2041 2039 2210 2087 omitti
2242 2039 2392 2097 jubet
2435 2037 2700 2086 Bartbins.

512 2101 807 2152 Richardus
822 2103 1103 2152 Tomsonns
1124 2109 1327 2152 nostras
1350 2101 1403 2149 in
1440 2102 1516 2152 lit.
1539 2103 1605 2151 ad
1630 2104 1696 2153 P.
1729 2103 1894 2152 θοι-ἰν.
1919 2103 2066 2164 legit,
2095 2103 2358 2163 ebriamque
2377 2105 2574 2163 noctem,
2606 2113 2699 2159 pro

510 2180 595 2228 eo,
617 2165 752 2229 qnod
774 2167 948 2214 multae
973 2165 1096 2215 edd.
1114 2174 1243 2214 vett.
1267 2165 1476 2226 liabent,
1496 2167 1760 2230 ebriamque
1779 2171 1961 2229 partem
1973 2182 1993 2224 ,-
2027 2181 2178 2229 quam
2199 2165 2571 2214 correctionem
2595 2163 2700 2225 pri-

512 2243 624 2278 mns
646 2229 701 2277 in
724 2235 1024 2278 contextum
1050 2229 1225 2278 intulit
1246 2230 1465 2277 Thomas
1498 2231 1758 2292 Stephens
1792 2231 2013 2279 Cantab.
2051 2234 2196 2280 16⁵1.
2263 2229 2327 2277 In
2357 2228 2538 2278 codice
2574 2241 2698 2292 quo-

512 2293 631 2340 dam
669 2292 868 2342 invenit
906 2293 1046 2341 idem
1082 2294 1382 2354 Tomsonns,
1413 2293 1678 2357 ebriamque

1711 2309 1900 2342 moemm
1918 2309 1936 2352 ,-
1969 2295 2146 2344 Parm.
2178 2293 2441 2356 ebriamque
2474 2305 2662 2354 paream
2679 2307 2701 2350 ,-

514 2357 663 2406 Rom.
694 2355 959 2420 ebriamque
992 2357 1163 2420 pando.
1231 2355 1357 2418 Alii,
1388 2356 1657 2420 ebriamque
1693 2359 1937 2417 Martem
1967 2358 2236 2422 ebriamque
2269 2372 2432 2422 pacem
2449 2373 2470 2416 ‚-
2499 2357 2701 2405 ebrium-

1497 2500 1722 2551 No'rAE

508 2578 738 2629 Saturno
756 2586 1010 2644 regnante
1034 2579 1193 2630 fuisse
1213 2580 1425 2632 dicitnr.
1476 2582 1565 2630 vi-

512 2655 582 2705 de
608 2656 846 2706 Macrob.
879 2656 1090 2705 Saturn.
1113 2656 1206 2707 lib.
1230 2670 1271 2707 ι.

581 2734 606 2779 1
642 2731 711 2779 Ee
750 2744 910 2779 severa
953 2730 1141 2793 Pauus]
1175 2732 1400 2793 Tetrica,
1421 2731 1565 2779 Mar·

510 2804 624 2853 tiali
646 2804 801 2868 Epig.
822 2805 890 2854 de
913 2806 1117 2854 Plinio:
1163 2808 1179 2835 ⁴
1196 2806 1355 2855 Totos
1378 2806 1471 2855 dat
1492 2812 1568 2855 te-

516 2878 660 2927 tricae
683 2878 795 2927 dics
828 2879 1121 2929 Minervas!

578 2958 611 3002 2
644 2954 723 3002 Ite
749 2954 972 3017 fes-iata]
1007 2955 1142 3004 Vide
1160 2953 1393 3004 floridam
1417 2957 1570 3005 Liba-

514 3028 587 3077 nii
608 3028 961 3077 Kalendarum
985 3029 1411 3094 descriptionem.

580 3106 612 3151 3
636 3102 755 3151 Jani
770 3118 850 3151 vos
865 3104 1181 3154 revocabimus
1202 3106 1459 3169 Kalendis]
1480 3106 1572 3155 Al·

516 3177 651 3229 ludit
691 3179 757 3229 ad
801 3181 1231 3233 consuetudinem
1271 3191 1411 3232 artes
1444 3183 1573 3233 dcli·

516 3254 675 3304 bandi
717 3255 882 3319 primo
910 3254 1145 3306 Januarii
1176 3256 1280 3320 die,
1317 3256 1403 3323 qni
1423 3272 1573 3309 sacer

517 3338 634 3383 erat
665 3331 821 3389 Jano,
855 3331 921 3380 de
952 3348 1055 3396 qno
1089 3331 1323 3396 Ovidius,
1354 3334 1495 3383 Fast.
1531 3347 1571 3383 1.

1643 2583 1834 2633 Totum
1873 2582 2010 2631 enim
2043 2582 2181 2631 bunc
2212 2594 2437 2629 mensem
2461 2580 2703 2629 traduce·

1645 2657 1774 2708 bant
1819 2658 1870 2705 in
1909 2654 2362 2706 comessationibus
2407 2669 2470 2704 ac
2515 2656 2704 2719 epulis,

1647 2734 1900 2797 genioque
1923 2730 2286 2794 indulgebant.

1713 2814 1747 2859 6
1781 2811 1850 2857 Et
1882 2809 2046 2857 ridens
2063 2806 2233 2869 soene]
2265 2804 2386 2857 Joei
2409 2806 2545 2855 enim
2569 2805 2702 2854 ride·

1650 2898 1708 2935 re
1747 2884 1970 2943 debent3
2028 2884 2154 2939 alias
2200 2880 2470 2931 lederent.
2549 2880 2702 2931 Unde

1649 2958 1787 3009 infra
1827 2960 2002 3023 ‘jocos
2021 2958 2240 3007 licentes
2253 2956 2270 2981 ’
2315 2956 2466 3005 dixit.

1715 3040 1746 3085 7
1787 3037 1924 3087 Diem
1947 3033 2151 3096 Mutum]
2185 3034 2259 3082 Ut
2283 3047 2398 3095 qnae
2423 3033 2476 3081 in
2499 3037 2701 3094 specta-

1651 3113 1797 3173 culis,
1848 3112 2035 3176 epulis,
2095 3110 2375 3159 missilibus
2437 3109 2707 3159 mittendis

1651 3194 1918 3237 transacta
1939 3184 2126 3235 fuerat.

1716 3266 1749 3310 8
1785 3263 2071 3325 Ebriamque
2109 3266 2291 3310 noctem
2331 3258 2353 3322 [
2365 3258 2572 3323 ponens]
2604 3260 2708 3309 Per

1652 3339 1830 3388 ebriam
1855 3344 2059 3401 partem,
2089 3336 2335 3400 intelligit
2367 3336 2502 3385 illam
2537 3336 2706 3388 beatae

515 3408 715 3459 Tamen
755 3408 966 3469 privata
1000 3409 1174 3458 studia
1204 3408 1317 3459 fere
1340 3411 1573 3472 suspica·
1619 3412 1788 3462 -illius
1820 3412 1924 3462 diei
1966 3412 2073 3461 lseti
2096 3411 2318 3460 Caesaris
2351 3420 2571 3474 partem,
2592 3425 2708 3474 qna

516 3485 707 3535 bantur
728 3483 1186 3545 Vulcanalibus‚nt
1200 3484 1353 3534 docet
1375 3485 1573 3535 Plinius

518 3560 621 3623 Ep.
640 3559 712 3607 de
734 3559 909 3609 Morte
928 3557 1203 3609 Avunculi.

581 3637 615 3683 ⁴
649 3634 877 3697 Goenpede
896 3633 1130 3696 exsoluta]
1160 3632 1458 3683 Macrobius
1480 3634 1574 3685 Sa·

519 3718 659 3763 turn.
703 3709 796 3761 lib.
831 3723 871 3761 ι.
926 3711 1070 3759 ‘Cur
1101 3717 1272 3759 autem
1317 3710 1573 3759 Saturnus

519 3789 631 3850 ipse
666 3786 720 3836 ln
754 3785 1087 3850 compedibus
1118 3786 1332 3847 visatur,
1354 3785 1573 3835 Verrius

522 3862 735 3911 Flaccus
750 3874 957 3909 causam
974 3875 1027 3909 se
1044 3861 1283 3923 ignorare
1295 3858 1450 3909 dicit:
1487 3873 1573 3908 vc-

522 3951 632 3985 rnm
666 3936 1011 4003 Apollodorus
1038 3937 1114 3985 ait
1153 3936 1353 3998 alligari
1374 3950 1469 4000 per
1490 3949 1575 3985 an-

522 4025 643 4061 num
674 4012 824 4062 laneo
854 4012 1078 4075 vinculo,
1110 4018 1167 4061 et
1201 4012 1328 4061 solvi
1350 4012 1417 4061 ad
1440 4012 1575 4061 diem

522 4086 624 4136 sibi
637 4084 844 4145 festum,
864 4088 915 4135 id
936 4094 1039 4151 est,
1058 4100 1235 4137 mense
1262 4086 1578 4137 Decembri.'

586 4164 618 4211 5
653 4158 811 4209 Mauo
844 4161 1073 4223 pavidus
1114 4176 1239 4213 mero
1292 4162 1577 4227 December]

1653 3488 1704 3535 in
1727 3487 1890 3549 epulis
1913 3493 2172 3536 transacta
2193 3493 2294 3533 est.
2360 3484 2550 3534 Partes
2569 3485 2708 3533 enim

1656 3563 1816 3611 totins
1835 3561 1973 3610 illius
1993 3559 2098 3607 diei
2122 3560 2275 3607 variis
2305 3558 2706 3609 oblectamentis

1655 3649 1718 3684 ac
1757 3633 2068 3697 spectaculis
2113 3633 2377 3695 discretae,
2399 3641 2454 3683 et
2494 3634 2708 3698 singulm

1655 3726 1688 3758 a
1707 3710 1876 3759 Poe‘ta
1893 3709 2168 3771 diligenter
2185 3717 2243 3760 et
2263 3718 2450 3761 exacte
2471 3710 2705 3775 descrip-

1655 3789 1724 3833 toe
1763 3790 1902 3833 sunt.
1967 3786 2098 3834 Post
2129 3786 2274 3836 varia
2307 3794 2481 3835 antem
2504 3793 2708 3849 specta·

1655 3861 1773 3909 cula
1795 3874 1855 3908 ac
1885 3858 2283 3921 oblectamenta,
2313 3861 2481 3923 epulae
2506 3861 2709 3922 apposi-

1655 3942 1747 3999 tae,
1769 3935 2043 4000 vinumque
2064 3934 2258 3997 largius
2274 3932 2512 3991 affusum,
2531 3943 2589 3982 ut
2607 3943 2708 3983 tes·

1657 4019 1798 4136 {alili-r
1835 4011 2032 4061 Noster
2061 4011 2156 4060 sub
2198 4009 2350 4061 finem
2393 4010 2607 4073 liujnsca
2645 4011 2707 4061 li·

1693 4100 1722 4134 c
1763 4100 1799 4134 ι.
