3200 4913
560 376 694 442 132

556 535 793 618 Teque
820 553 940 618 per
966 530 1309 616 obliquum
1330 535 1591 617 penitus
1621 552 1774 616 quaa
1796 531 2044 597 laberis
2071 549 2351 609 amnem,

540 637 850 714 ,nt-arcia,
882 643 957 700 et
984 635 1227 701 audaci
1258 637 1653 701 transcurris
1680 636 1960 701 flumina
1979 634 2254 718 plumbo
2271 634 2302 697 ¹?

1312 389 1379 437 P.
1426 385 1720 436 PAPINu
1766 384 2017 437 S'rm'u

558 822 1032 888 obliquumflscinm,
1066 827 1114 873 et
1150 821 1439 872 transcurris
1472 835 1633 872 umus
1666 821 1836 870 audaci
1855 820 2042 884 plumbo
2056 818 2082 872 :1
2111 819 2194 870 Aa
2213 820 2341 870 solus
2373 819 2583 884 Alpheus
2602 817 2764 872 Elidis

1477 958 1841 982 oenoe-reem

557 1048 877 1110 Algenlesqus
896 1047 1024 1096 lacus
1036 1062 1057 1106 ‚-
1090 1044 1259 1104 Idem,
1278 1057 1397 1093 cnm
1420 1044 1582 1093 Bern.
1604 1043 1790 1092 Barth.
1814 1051 1872 1094 et
1895 1043 2156 1095 Christio:
2189 1043 2394 1109 aliosque
2413 1045 2466 1094 in
2490 1059 2548 1108 g.
2563 1044 2764 1104 sontes,-

558 1111 741 1162 Burm.
778 1112 1014 1174 olidasque
1050 1111 1104 1160 in
1134 1125 1191 1172 g.
1208 1108 1390 1171 fontes,
1420 1108 1511 1156 sed
1552 1121 1652 1155 non
1691 1108 1896 1158 omnino
1931 1109 2147 1158 damnat
2169 1111 2325 1166 ultan
2357 1109 2488 1158 alius
2522 1108 2762 1174 quidam:

556 1178 743 1239 altoque
759 1175 1073 1237 iug.sontes.
1144 1173 1285 1223 Hinc
1307 1172 1676 1221 Marklandus:
1711 1173 2023 1235 „albentesque
2059 1174 2095 1221 1.
2127 1174 2424 1238 gelidosqueae
2459 1178 2549 1224 et:
2583 1173 2763 1236 Algen-

558 1245 715 1304 tesque
758 1241 793 1290 1.
834 1239 1048 1302 albasque
1065 1255 1085 1297 ,·
1132 1244 1189 1287 et
1230 1237 1483 1300 denique:
1534 1235 1750 1297 albasque
1785 1237 1837 1284 iu
1881 1237 2098 1298 margine
2115 1237 2314 1296 sontem
2362 1238 2481 1287 na'm
2503 1237 2691 1288 venet.
2714 1239 2765 1288 1.

557 1305 751 1354 habet:
786 1304 994 1367 altoque
1030 1301 1300 1364 immergite
1320 1301 1499 1362 fontes.
1564 1301 1740 1349 Ceteri
1777 1301 1898 1350 libri
1923 1315 2104 1350 omnes
2139 1301 2389 1352 exhibent
2420 1309 2483 1352 nt
2517 1301 2570 1351 in
2601 1308 2768 1352 textu.

556 1372 687 1418 -67
724 1367 913 1416 Mar-tiu
954 1382 1132 1418 omnes
1173 1367 1323 1416 codd.
1367 1373 1421 1416 et
1464 1363 1583 1413 edd.
1625 1370 1757 1413 vett.
1801 1365 1893 1414 sed
1939 1366 2191 1415 Metellus
2233 1366 2428 1429 primns
2467 1365 2696 1416 correxit
2731 1379 2766 1416 e

559 1432 817 1484 Strabone
861 1446 915 1480 v.
961 1446 1013 1495 p.
1054 1435 1169 1481 240.
1223 1430 1313 1480 ubi
1354 1436 1568 1480 vocatur
1603 1427 1663 1476 τὸ
1701 1426 1907 1492 Μάρκιον
1955 1429 2091 1492 ὕδωρ.
2173 1429 2327 1479 Hanc
2367 1431 2767 1491 correctionem,

557 1511 663 1548 non
723 1496 990 1545 nominato
1046 1503 1281 1553 auctore,
1338 1493 1485 1542 dedit
1548 1493 1908 1544 Marklaudus.
1999 1494 2246 1544 Heinsius
2285 1491 2507 1545 Advers.
2549 1507 2638 1543 111.
2682 1497 2766 1543 1⁷.

558 1575 615 1625 ρ.
657 1563 773 1611 648.
816 1560 976 1624 legit:
1034 1566 1081 1610 et
1132 1559 1300 1608 audaci
1342 1557 1634 1607 transcurris
1655 1557 1706 1617 f.
1740 1563 1901 1620 ponto.
1981 1559 2048 1608 V.
2087 1560 2156 1609 1).
2193 1559 2247 1607 in
2283 1559 2566 1624 exemplari
2609 1557 2766 1608 Gott.

560 1625 744 1677 malit:
795 1630 844 1674 et
884 1625 1054 1675 audaci
1096 1623 1385 1674 transmittis
1431 1622 1640 1685 flumina
1693 1621 1896 1684 plumbo.
1965 1623 2108 1672 Num
2153 1623 2468 1687 legendum:
2514 1628 2565 1674 et
2597 1623 2769 1672 audaci

1558 1758 1777 1810 No‘rAE

559 1859 689 1912 iam
731 1857 975 1923 intelligit
1021 1857 1255 1911 Albulas.
1322 1855 1622 1907 Observata·
1689 1861 1860 1920 ‚vocat
1905 1853 2135 1914 esaum.
2201 1855 2338 1907 vide
2381 1843 2519 1906 infr'·
2564 1869 2638 1906 vs.
2681 1861 2766 1908 τε.

560 1935 682 1986 dum
700 1943 801 1999 est,
824 1935 1099 1995 Anienem,
1114 1935 1202 1986 ubi
1224 1949 1289 1984 ex
1306 1939 1482 1983 monte
1502 1932 1625 1981 Tre·

556 2012 805 2063 banorum
824 2014 1008 2075 oritur,
1027 2021 1133 2062 tres
1158 2013 1301 2061 lacus
1324 2010 1624 2060 amoenitate

558 2088 759 2138 nobiles
803 2087 1078 2153 perfluere,
1126 2091 1186 2136 ut
1228 2085 1336 2148 jam
1377 2083 1621 2134 diximus.

558 2163 691 2214 Inde
714 2177 809 2229 per
830 2170 1033 2214 montes
1051 2168 1108 2213 et
1140 2161 1313 2226 sylvas
1335 2159 1620 2211 decurrens

549 2238 709 2301 juxta
748 2238 913 2288 Tibur
956 2253 1021 2289 ex
1066 2236 1366 2288 editissimis
1410 2235 1622 2300 rupibus

558 2313 919 2377 praecipitatur
972 2314 1025 2363 iu
1089 2312 1355 2376 subjectos
1410 2324 1624 2373 campos

560 2389 786 2438 maximo
818 2403 936 2438 cum
974 2389 1217 2452 strepitu.
1286 2386 1493 2437 Alicnbi
1529 2400 1625 2450 per

559 2466 799 2530 scopulos
832 2472 889 2515 et
923 2480 1049 2515 saxa
1082 2466 1345 2528 delapsus,
1368 2463 1447 2513 sui
1484 2478 1624 2527 mag·

560 2554 681 2591 nam
728 2546 931 2607 partem
976 2540 1233 2601 recondit,
1264 2554 1417 2605 quarn
1464 2538 1624 2587 aliubi

564 2623 739 2667 tamen
779 2619 832 2667 in
877 2617 1135 2667 descensu
1190 2618 1333 2679 large
1383 2614 1624 2665 revomit.

563 2693 705 2744 Quin
727 2692 795 2743 ad
829 2693 1073 2742 montium
1108 2690 1310 2741 radices
1342 2705 1437 2753 per
1470 2690 1624 2739 imam

562 2770 834 2833 planitiem
856 2768 1075 2833 egelidis
1098 2770 1241 2817 venis
1266 2765 1507 2817 sulfureis
1530 2780 1626 2830 per

562 2844 903 2893 subterranea
936 2844 1145 2893 metalla
1181 2842 1449 2904 derivatis,
1484 2854 1626 2904 spar-

564 2919 659 2968 sim
692 2919 932 2982 erumpit,
962 2932 1088 2982 quas
1123 2918 1336 2968 Albulas
1372 2924 1562 2967 vocant
1595 2931 1628 2965 a

563 2994 734 3042 colore
771 2994 871 3042 seri
912 2994 1185 3055 lactis,cui
1222 2992 1413 3041 similes
1448 2992 1625 3041 viden-

564 3074 668 3117 tur.
736 3066 947 3117 Medica
983 3066 1178 3117 virtute
1218 3068 1385 3117 multa
1427 3065 1626 3130 pollere

564 3142 807 3194 dicuntur
830 3149 936 3191 tam
970 3142 1022 3192 in
1053 3149 1200 3207 potu,
1219 3156 1371 3206 quam
1404 3142 1627 3205 balneis,

564 3226 625 3269 ut
645 3219 801 3268 etiam
822 3217 1009 3268 Strabo
1034 3222 1253 3267 testatur
1280 3217 1371 3266 lib.
1396 3230 1449 3268 v·
1516 3216 1627 3266 Pli-

564 3294 680 3344 nius
700 3294 790 3344 lib.
817 3306 980 3344 11¹1.
1006 3308 1120 3358 cap.
1142 3296 1194 3342 2.
1221 3306 1308 3342 eas
1331 3292 1626 3346 vulneribus

562 3368 765 3419 mederi
793 3369 993 3419 scribit.
1060 3368 1246 3434 Neque
1279 3370 1443 3419 solum
1467 3367 1627 3419 Albu-

564 3446 652 3509 lae,
673 3444 763 3495 sed
794 3450 849 3494 et
882 3442 1148 3495 Albuneus
1178 3458 1339 3509 supra
1368 3444 1547 3507 Tibur,
1570 3450 1629 3495 et

567 3524 739 3574 Auieu
776 3524 891 3588 ipse
929 3524 979 3573 vi
1018 3524 1236 3589 quadam
1276 3538 1369 3573 sua
1400 3524 1627 3573 naturali

566 3599 908 3662 consolidant,
946 3606 1002 3649 et
1045 3600 1369 3664 agglutinant
1404 3614 1629 3663 corpora

566 3674 781 3741 quaevis,
794 3690 972 3725 verum
988 3683 1044 3725 et
1062 3676 1302 3739 virgulta,
1318 3674 1471 3738 ilgna,
1484 3672 1630 3737 folia,

567 3754 653 3801 vel
705 3751 913 3816 herbas,
960 3751 1161 3816 aliaque
1207 3751 1469 3811 solidiora,
1511 3765 1629 3814 quae

568 3826 825 3893 perfluere
869 3828 1143 3892 contingit,
1182 3827 1380 3877 cortice
1424 3825 1630 3890 lapideo

565 3906 754 3955 sensim
805 3904 1089 3955 obducunt.
1157 3902 1461 3954 Albularum
1514 3902 1628 3951 alim

570 3981 753 4031 ealidre
796 3988 968 4045 erant,
999 3988 1058 4029 ut
1095 3987 1319 4031 testatur
1356 3980 1631 4030 Suetonius

570 4055 810 4119 Augusto
853 4072 969 4120 cap.
1016 4060 1096 4104 82.
1138 4056 1253 4105 aliae
1298 4054 1527 4120 frigidae,
1571 4062 1631 4106 ut

572 4132 729 4182 habet
749 4133 938 4182 Strabo
961 4141 1015 4182 et
1047 4132 1250 4182 Plinius
1282 4132 1409 4182 locis
1432 4134 1628 4183 citatis.

576 4208 806 4259 Galenus
836 4210 927 4259 lib.
949 4223 1075 4260 vm.
1114 4210 1351 4261 Methodi
1388 4210 1630 4262 medendi

1703 1931 1930 1996 dirosque
1966 1934 2018 1982 in
2054 1933 2258 1996 gurgite
2287 1931 2480 1996 sontes]
2508 1933 2769 1998 Intelligit

1704 2021 1862 2071 aquas
1886 2009 2128 2058 salientes
2151 2009 2232 2058 vel
2267 2009 2320 2058 in
2357 2009 2468 2074 ipso
2487 2007 2662 2071 fluvio,
2683 2010 2770 2059 vel

1704 2081 1758 2130 in
1792 2088 2013 2146 utraque
2046 2083 2162 2146 ripa
2196 2081 2361 2146 fluvii,
2383 2090 2474 2134 aut
2494 2082 2712 2134 Albulas
2735 2098 2768 2135 e

1703 2156 1937 2220 pluribus
1960 2155 2194 2207 fontibus
2217 2164 2571 2222 erumpentes.

1763 2237 1831 2283 66
1869 2235 2022 2299 Teque
2047 2250 2140 2299 per
2175 2235 2410 2299 obliquum
2439 2235 2628 2300 penitus
2660 2252 2769 2300 quo

1702 2309 1873 2358 laberis
1892 2325 2092 2374 amnem,
2111 2312 2304 2362 Marcia
2327 2313 2584 2377 [Μαι-ἐξιῇ,
2606 2319 2654 2363 et
2681 2319 2780 2364 ‹zu-⁸

1704 2386 1812 2434 daci
1829 2388 2120 2436 transcurris
2126 2388 2340 2453 fiumina
2355 2389 2566 2454 plumbo]
2589 2389 2770 2440 Innnit

1703 2462 1953 2513 Martiam
2001 2479 2096 2528 per
2137 2464 2358 2527 fistulas,
2411 2481 2506 2517 seu
2563 2466 2771 2517 tubulos

1706 2538 1971 2602 plumbeos
1991 2539 2294 2603 perductam
2308 2540 2472 2591 fnisse
2485 2555 2580 2604 per
2602 2550 2769 2593 trans-

1706 2627 1906 2663 versum
1943 2616 2199 2665 Anienem
2231 2617 2288 2666 in
2327 2616 2500 2667 villam
2537 2618 2772 2669 Tiburti·

1705 2705 1842 2741 nam.
1905 2692 2093 2743 Audaci
2108 2694 2316 2757 plumbo]
2349 2695 2488 2748 Quis
2519 2701 2580 2745 ut
2601 2702 2769 2745 trans-

1705 2769 2022 2819 veherentur
2045 2784 2190 2835 aquae
2215 2783 2310 2835 per
2334 2772 2592 2838 obliquum
2612 2772 2771 2823 Anie-

1703 2858 1842 2907 nem,
1864 2845 2054 2896 multus
2074 2847 2221 2897 labor
2247 2849 2543 2911 sumendus,
2565 2850 2770 2899 multas·

1706 2934 1804 2984 que
1825 2921 2070 2985 impensa».
2091 2920 2359 2973 faciende.
2414 2924 2604 2974 Martia
2625 2937 2771 2988 vero,

1706 3002 1766 3044 ut
1789 2996 1962 3046 verbis
1993 2997 2152 3045 Plinii
2187 3005 2306 3047 utar
2339 2998 2432 3049 lib.
2463 3012 2627 3051 xxxi.
2651 3014 2768 3065 cap.

1706 3075 1754 3121 8.
1799 3076 1815 3102 ‘
1842 3072 2126 3123 clarissima
2159 3088 2406 3138 aquarum
2449 3076 2678 3127 omnium
2715 3078 2770 3129 in

1709 3153 1823 3197 toto
1877 3149 2023 3211 erbe,
2078 3146 2282 3213 frigoris
2343 3151 2768 3217 salubritatisque

1708 3226 1898 3289 palma,
1923 3226 2184 3289 preconio
2212 3227 2371 3291 urbis,
2399 3228 2536 3279 inter
2573 3230 2772 3295 reliqua

1708 3301 1881 3351 Deum
1917 3315 2126 3352 munere
2163 3302 2281 3351 urbi
2321 3303 2539 3355 tributa.
2601 3306 2771 3355 Voca-

1708 3374 1864 3427 batur
1881 3377 1995 3427 haec
2032 3376 2286 3441 quondam
2308 3377 2518 3441 Aufeia,
2540 3378 2655 3429 fons
2680 3396 2770 3431 au-

1710 3458 1814 3502 tem
1848 3452 1963 3516 ipse
2003 3452 2251 3503 Piconiaz
2288 3454 2454 3504 oritur
2481 3455 2535 3503 in
2573 3455 2770 3507 ultimis

1707 3529 1967 3580 montibus
2002 3529 2367 3594 Pelignornm
2404 3530 2592 3581 transit
2629 3530 2770 3581 Mar-

1709 3608 1892 3666 sos,“et
1911 3604 2161 3655 Fucinum
2200 3606 2387 3668 lacum,
2419 3607 2632 3656 Romam
2666 3620 2772 3657 nou

1709 3680 1870 3729 dubie
1898 3685 2114 3743 petens:
2151 3694 2270 3730 mox
2303 3694 2466 3745 specu
2497 3696 2686 3743 mersa,
2716 3682 2772 3735 iu

1709 3755 1981 3805 Tiburtina
2003 3770 2060 3806 se
2082 3758 2251 3821 aperit
2271 3772 2453 3808 novem
2475 3757 2632 3809 millia
2656 3772 2772 3823 pas·

1711 3846 1858 3881 suum
1913 3830 2195 3883 fornicibus
2237 3834 2448 3885 structis
2499 3834 2771 3898 perducta.

1713 3906 1921 3957 Primus
1944 3922 2056 3957 eam
2089 3907 2142 3958 in
2165 3908 2340 3959 urbem
2379 3907 2573 3959 ducere
2603 3910 2774 3972 auspi·

1713 3992 1860 4035 catus
1883 3990 1965 4035 est
1986 3985 2162 4035 Ancus
2185 3986 2410 4036 Martius
2435 4000 2564 4035 unus
2584 4000 2615 4035 e
2637 3986 2774 4049 regi-

1711 4059 1808 4109 bus
1828 4076 1844 4109 x
1881 4068 2064 4123 postea
2096 4060 2164 4112 Q.
2186 4060 2408 4111 Martius
2429 4074 2520 4108 rex
2545 4060 2600 4109 in
2636 4074 2774 4124 prae-

1711 4140 1864 4187 tura:
1897 4149 2174 4199 rursusque
2210 4136 2442 4186 restituit
2485 4136 2562 4187 M.
2583 4136 2774 4201 Agrip-

1711 4210 1813 4275 ρι’
1881 4212 2016 4262 Vide
2050 4220 2107 4262 et
2145 4211 2452 4263 Frontinum
2481 4210 2550 4261 de
2582 4211 2774 4278 Aque·
