3200 4913
1131 336 1550 387 sanAnuM
1599 340 1745 389 un.
1796 341 1874 389 ιι.
1917 327 1980 390 6.
2514 331 2643 396 255

457 473 804 543 Nobilitas
831 495 920 542 ex
945 481 1164 542 mento
1191 477 1354 545 fuit:
1398 499 1483 544 ne
1505 481 1867 564 comprime
1897 482 2125 563 fletus,

458 575 568 642 Ne
597 577 874 661 pudeat:
916 585 1182 661 rumpat
1207 579 1452 652 fraenos
1482 582 1667 647 dolor
1696 585 1844 662 iste,
1874 585 2205 669 (Deisque

455 679 532 742 Si
563 683 696 742 tam
717 678 879 744 dura
908 677 1232 763 placent‚)
1256 681 1583 746 hominem
1612 686 1847 764 gomis,
1875 684 2016 770 (bei
2044 688 2244 752 mihi!
2292 691 2511 756 subdo

450 865 612 916 cohibe
625 869 872 932 lacrymas,
883 883 944 918 ue
953 867 1190 918 erubescas
1206 869 1284 917 iis.
1350 869 1451 918 Iste
1465 870 1617 918 luctus
1632 871 1759 920 laxet
1770 887 1927 923 omnes
1942 875 2162 936 habenas,
2176 881 2225 926 et
2240 877 2369 928 Deos
2382 878 2577 936 incuset,
2594 873 2641 922 si

458 934 558 979 tom
575 946 702 981 κω
723 933 840 995 ipsis
861 935 989 981 corda
1008 933 1123 982 sint.
1187 933 1344 994 Lugcs
1371 935 1510 996 Une,
1527 934 1782 994 samnium,
1803 936 1941 1002 (Heu
1961 939 2068 988 me!
2098 941 2199 1003 ipse
2219 945 2413 992 accendo
2434 943 2635 991 dolorem

1367 1075 1691 1098 OOOOOOOO‘OO
1700 1079 1727 1098 O

427 1163 669 1214 ‘Gevart
735 1165 753 1192 ‘
777 1165 942 1216 Quam
977 1168 1110 1216 male
1140 1168 1225 1218 bic
1253 1177 1640 1231 argumentatur
1673 1171 1885 1234 Statius,
1922 1177 1980 1222 et.
2015 1187 2099 1222 res
2140 1174 2366 1224 diversas
2411 1182 2466 1225 et
2509 1175 2645 1232 nihil,

455 1241 724 1278 commune
742 1229 994 1279 babentes
1017 1233 1318 1296 conjungit!
1353 1233 1590 1295 Libertus,
1614 1236 1801 1298 inquit,
1822 1235 1971 1294 maim·
1992 1237 2163 1296 juncto
2181 1244 2442 1288 stemmate.
2496 1239 2634 1290 Quid

452 1292 664 1341 libertati
685 1307 800 1342 cum
814 1295 996 1357 juncto,
1017 1297 1188 1359 longo,
1209 1304 1263 1346 et
1282 1299 1581 1348 continuato
1602 1305 1843 1348 stemmate
1861 1304 1883 1348 Ρ
1915 1301 2127 1351 Dixisse
2143 1303 2323 1352 debuit
2343 1321 2357 1351 z
2394 1302 2637 1352 Libertas

453 1358 588 1404 omni
612 1357 861 1420 vindicta,
904 1359 1041 1408 omni
1083 1361 1480 1410 manumissione
1523 1363 1715 1424 major3
1773 1378 1873 1413 nou
1910 1363 2101 1426 juncto
2134 1373 2405 1416 stemmate
2439 1368 2636 1430 major3

451 1419 648 1484 quippe
676 1420 918 1482 junctum
940 1431 1157 1473 stemma
1190 1439 1290 1473 non
1325 1425 1390 1474 ad
1429 1427 1722 1475 libertatem
1756 1426 1903 1489 facit,
1940 1429 2029 1476 sed
2063 1429 2405 1480 nobilitatem.
2472 1431 2635 1480 Vides

444 1483 560 1546 jam
593 1485 812 1534 Statium
857 1487 1158 1548 scripsisset
1192 1491 1269 1537 cui
1309 1491 1456 1550 mqior
1489 1495 1733 1538 stemmate
1752 1491 1927 1550 juncto
1950 1492 2195 1542 Nobilitas
2236 1509 2299 1543 ex
2334 1499 2487 1544 mente
2510 1495 2636 1555 suit.

451 1547 609 1598 Ovio.
635 1549 795 1598 Pont.
821 1564 858 1599 1.
885 1554 934 1600 2.
955 1551 1151 1600 Noster
1171 1552 1333 1601 Theb.
1357 1567 1418 1602 ιι.
1441 1557 1554 1602 486.
1580 1568 1661 1605 ιν.
1684 1558 1795 1604 600.
1827 1555 2066 1606 Juvenal.
2090 1570 2215 1607 vm.
2239 1561 2285 1606 1.
2320 1563 2417 1608 διο.
2489 1559 2633 1608 Male

447 1625 572 1661 vero
589 1612 866 1662 Gevartius
899 1614 1156 1680 legit-fluit
1183 1618 1398 1676 profuit
1415 1635 1436 1676 ,-
1473 1619 1513 1665 si
1547 1619 1683 1666 enim
1710 1621 1978 1683 quicquam
2011 1621 2333 1682 mutandum,
2365 1621 2631 1684 scripsisse

449 1676 629 1726 debuit
657 1677 818 1742 fluxit
853 1692 952 1727 non
977 1679 1136 1744 fluit)
1175 1680 1503 1730 Markl.--18
1540 1682 1727 1732 Vener.
1754 1688 1799 1732 l.
1842 1688 1889 1734 2.
1927 1687 1974 1733 ³.
2000 1688 2052 1734 4.
2079 1685 2225 1735 Rom.
2260 1685 2415 1735 Aldd.
2461 1686 2630 1736 Colin.

448 1739 766 1804 Gryph.&c.
836 1743 1084 1806 Dei-soum
1121 1745 1294 1794 Parin.
1335 1745 1526 1808 diesque
1539 1761 1560 1804 ;
1595 1746 1871 1796 Gevartius
1916 1755 1973 1796 et
2016 1749 2197 1797 Barth.
2228 1751 2405 1814 legere
2448 1751 2631 1800 malint

446 1804 680 1867 nmque.
744 1806 920 1856 ‘Olim
957 1807 1314 1871 conjeceram:
1351 1809 1531 1858 Deisne
1553 1811 1653 1858 Hei
1684 1816 1800 1874 tum,
1817 1813 1898 1873 ὅτ.
1966 1812 2085 1861 Nou
2109 1815 2263 1876 male,
2284 1813 2485 1876 opinor,
2511 1815 2631 1878 quia

445 1867 580 1922 idem
602 1869 985 1934 conjectantem
1019 1879 1202 1936 postea
1225 1873 1542 1936 deprehendi
1568 1875 1885 1936 Gronovinm
1911 1875 2085 1926 Diatr.
2124 1891 2239 1944 cap.
2273 1883 2357 1928 21.
2425 1880 2629 1930 Revera

1437 2009 1653 2060 NOTAE

445 2111 533 2175 qui
569 2114 734 2178 magis
769 2120 885 2165 erat
919 2115 1051 2166 liber
1082 2116 1304 2166 moribus
1335 2131 1396 2166 ac
1425 2117 1501 2166 in·

444 2186 582 2251 dole,
614 2205 767 2254 quam
813 2191 859 2240 si
899 2193 1052 2255 longa
1085 2193 1216 2242 serie
1255 2193 1499 2243 nobilium

444 2261 815 2316 descendisset.
868 2269 936 2318 Et
947 2269 1046 2317 hoc
1065 2269 1344 2320 secundum
1366 2271 1500 2321 Stoi-

447 2352 558 2400 cos,
608 2343 700 2404 qui
751 2357 926 2394 veram
972 2345 1264 2398 libertatem
1305 2349 1358 2397 in
1391 2350 1500 2398 sola

444 2414 708 2478 sapientia
775 2417 1054 2482 ponebant,
1123 2435 1184 2472 uc
1242 2425 1498 2475 nemiuem

439 2498 639 2555 praeter
672 2494 957 2558 sapientem
990 2498 1210 2549 liberum
1232 2514 1346 2549 esse
1367 2502 1503 2551 diee-

440 2566 585 2617 bant.
651 2568 784 2618 Vide
808 2572 918 2622 Cic.
941 2574 1133 2623 Parad.
1154 2589 1207 2625 v.
1225 2576 1410 2625 Horat.
1435 2590 1499 2629 n.

441 2644 552 2693 Sat.
595 2649 643 2695 ’1.
723 2649 970 2697 Senecam
1011 2651 1224 2713 passim,
1279 2651 1497 2701 Dionem

443 2718 713 2771 Prusseum
753 2722 1006 2775 Oratione
1037 2724 1105 2774 de
1139 2726 1402 2776 Servitute
1441 2736 1498 2777 et

442 2796 730 2859 Libertate,
751 2806 807 2849 et
843 2800 1030 2865 passim
1055 2800 1260 2851 Arriani
1284 2803 1492 2865 Epicte-

441 2876 572 2933 tum,
604 2878 661 2922 et
700 2873 936 2925 Persium
968 2876 1081 2925 Sat.
1118 2890 1172 2927 v.
1239 2876 1496 2927 Stemnmtae

429 2946 623 3011 juncto]
659 2950 958 3015 Propinquo
991 2950 1278 3001 nobilitatis
1312 2952 1495 3017 gradu,

443 3036 543 3086 quo
564 3024 784 3089 aliquem
809 3026 1171 3089 contingimus.
1223 3026 1306 3076 Ita
1327 3026 1494 3077 Theb.

440 3110 504 3148 rr.
534 3100 552 3127 ‘
563 3100 874 3163 Sanguinem
881 3102 1120 3164 junctum
1133 3101 1150 3125 ’
1169 3101 1304 3151 dixit
1320 3120 1334 3151 ε
1353 3102 1494 3153 ‘Tibi

395 3226 402 3235 ,
439 3175 584 3237 larga
615 3175 808 3238 Pelops
841 3184 898 3227 et
915 3180 1160 3229 Tantalus
1183 3187 1365 3230 auctor
1388 3181 1493 3229 No-

438 3249 637 3309 bilitas,
673 3251 988 3314 propiorque
1011 3252 1142 3301 fluat
1162 3254 1229 3301 de
1249 3256 1494 3317 sanguine

433 3325 630 3387 juncto
640 3324 882 3387 Jupiter:
909 3326 1138 3376 Stemma
1157 3335 1348 3390 autem,
1372 3331 1494 3391 quia

440 3407 716 3451 stemmata
735 3402 895 3451 solum
918 3408 1065 3454 erant
1085 3416 1284 3464 eorum,
1305 3404 1492 3468 quijus

439 3477 718 3540 imaginum
761 3476 1042 3540 habebant,
1080 3476 1135 3526 id
1176 3482 1278 3538 est,
1319 3491 1493 3527 eorum

437 3554 530 3618 qui
546 3568 770 3605 summos
795 3554 1122 3617 magistratus
1145 3552 1296 3616 Reip.
1329 3568 1495 3615 gesse-

441 3638 575 3682 rant.
621 3633 818 3682 Plinius
831 3632 920 3683 lib.
939 3644 1118 3681 xxxv.
1135 3646 1252 3695 cap.
1273 3636 1324 3681 2.
1359 3632 1489 3683 ‘Ex-

441 3707 604 3770 pressi
636 3721 760 3757 cera
793 3708 964 3756 vultus
1004 3708 1220 3769 singulis
1247 3707 1490 3769 dispone-

439 3784 630 3835 bantur
650 3785 903 3847 armariis,
935 3791 993 3834 ut
1017 3794 1190 3834 essent
1224 3785 1489 3847 imagines,

440 3874 556 3923 qun
593 3860 968 3909 comitarentur
1004 3858 1259 3921 gentilitia
1290 3858 1487 3917 funera.

439 3948 747 3999 semperque
799 3932 1047 3984 defuncto
1103 3936 1296 3999 aliquo,
1349 3939 1490 3984 totus

443 4010 623 4060 aderat
642 4008 852 4060 familia
875 4010 1004 4073 qius,
1023 4010 1112 4074 qui
1134 4023 1352 4074 unquam
1377 4007 1489 4059 fue—

443 4092 546 4145 rat,
581 4086 831 4150 populus:
867 4086 1152 4137 Stemmata
1186 4100 1306 4135 vero
1338 4086 1491 4135 lineis

442 4160 799 4215 discurrebant
821 4160 884 4213 ad
901 4162 1148 4225 imagines
1163 4160 1366 4226 βίαις]
1396 4160 1430 4211 J
1436 4175 1487 4209 u-

1580 2117 1751 2166 venal.
1792 2117 1898 2165 Sat.
1946 2129 2071 2167 virt.
2133 2118 2450 2168 ‘Stemmata
2508 2116 2633 2181 quid

1578 2189 1817 2239 faciunt?
1863 2192 2003 2243 Quid
2027 2193 2241 2256 prodest
2256 2193 2503 2256 sanguine
2526 2193 2635 2241 lou·

1581 2279 1669 2326 go,
1686 2265 1927 2329 Pontice,
1950 2269 2167 2331 censeri,
2180 2269 2446 2333 pictosque
2466 2274 2637 2318 osten·

1580 2338 1707 2388 dere
1730 2342 1898 2390 vultus
1920 2342 2175 2404 Majorum
2192 2341 2229 2391 ?’

1649 2421 1709 2467 18
1744 2419 1823 2468 Ne
1838 2421 2011 2481 pudeat
2030 2435 2046 2467 .-
2077 2424 2263 2485 rumpat
2281 2420 2467 2482 froenos
2498 2421 2630 2471 dolor

1577 2493 1719 2559 s'ste,(
1731 2495 1937 2559 Deisque
1950 2496 2010 2545 Si
2022 2504 2121 2545 tum
2136 2499 2255 2546 dura
2272 2497 2523 2562 placento]
2538 2500 2637 2547 To·

1579 2577 1688 2619 tum
1724 2573 1857 2622 liunc
1894 2574 2063 2621 locum
2084 2576 2159 2622 sie
2181 2574 2410 2622 illustrat
2432 2574 2629 2622 Grono-

1579 2646 1707 2709 vius,
1733 2656 1787 2695 et
1810 2656 1987 2697 censet
2020 2648 2295 2711 legendnm
2316 2648 2513 2709 Deim,
2534 2662 2629 2711 pro

1577 2721 1804 2785 Deisqma
1824 2730 1878 2771 et
1900 2722 2003 2771 Hei
2026 2736 2121 2786 pro
2158 2720 2235 2783 Si,
2265 2731 2533 2787 totumque
2555 2721 2632 2770 lo·

1578 2812 1695 2845 cum
1749 2800 1824 2847 sic
1857 2799 2243 2861 interstinguit:
2298 2798 2375 2847 Ne
2418 2799 2595 2859 pudeat
2611 2816 2630 2847 .-

1573 2878 1763 2935 rumpat
1791 2872 1977 2933 froeuos
2005 2874 2138 2923 dolor
2167 2875 2275 2934 iste,
2314 2872 2493 2923 Deiras
2526 2874 2630 2931 Hei

1571 2952 1673 2996 tam
1688 2950 1807 2997 dura
1820 2950 2008 3012 placent
2022 2955 2045 2997 2
2074 2950 2303 2997 hominem
2320 2949 2509 3009 gemis!
2551 2950 2629 2998 hes·

1570 3022 1691 3071 mihi
1704 3023 1728 3071 Ι
1759 3022 1903 3072 subdo
1924 3024 2033 3086 Ipse
2046 3024 2185 3080 jaces
2200 3040 2217 3073 .·
2249 3024 2481 3073 komuoem
2507 3026 2628 3075 Une

1571 3102 1724 3147 tum
1776 3098 2044 3149 Elucescit
2062 3100 2219 3161 enim,
2230 3098 2303 3146 ait
2318 3098 2629 3163 Gronovius,

1575 3171 1628 3221 in
1676 3174 1773 3225 hoc
1821 3189 2019 3224 summa
2072 3188 2158 3223 ars
2209 3172 2629 3223 excellentissimi

1573 3248 1779 3311 Poetae,
1804 3250 1937 3315 quod
1978 3249 2215 3313 periodos
2255 3249 2440 3297 breves
2485 3250 2631 3298 velut

1571 3325 1803 3387 suspiriis
1825 3326 2211 3387 interstinguat,
2230 3332 2282 3373 et
2297 3323 2539 3387 abrupta,
2563 3339 2625 3373 ac

1573 3411 1677 3446 non
1698 3400 2010 3449 cobaerentia
2030 3406 2201 3451 canat.
2249 3399 2319 3447 Εἰ
2335 3399 2387 3447 in
2408 3406 2512 3447 vet.
2533 3399 2623 3450 lib.

1573 3473 1825 3536 scriptum
1858 3474 2048 3537 suerat,
2066 3482 2125 3523 ut
2152 3474 2357 3535 assolet,
2378 3487 2471 3535 pro
2494 3474 2624 3523 Hei.-

1572 3548 1625 3597 id
1660 3548 1711 3598 in
1745 3548 1805 3597 Sa·
1834 3548 2187 3612 degeneravit.
2254 3549 2499 3598 Insanum
2533 3550 2623 3599 do·

1569 3623 1723 3673 leudo
1744 3632 1798 3675 et
1823 3624 2132 3687 plangendo,
2155 3623 2399 3673 invidiam
2423 3625 2544 3674 Diis
2565 3641 2622 3675 se

1568 3700 1745 3753 facere
1762 3701 2047 3751 credebant
2068 3700 2215 3749 stulti
2238 3700 2468 3762 gentiles.
2534 3700 2618 3749 Ad

1567 3776 1669 3825 hoc
1700 3791 1823 3842 ergo
1856 3777 2043 3825 Ursum
2078 3777 2311 3824 bortatur
2343 3774 2529 3837 Poeta,
2564 3787 2621 3825 et

1567 3851 1713 3903 faces
1744 3850 1909 3901 dolori
1947 3851 2146 3900 subdit:
2180 3862 2380 3900 omnem
2414 3849 2619 3909 modum

1567 3931 1788 3980 excedat
1809 3930 1909 3978 ista
1928 3928 2283 3991 comploratio,
2312 3928 2413 3977 iste
2448 3928 2623 3990 planc-

1571 4013 1680 4065 tus;
1707 4006 1913 4054 videant
1926 4005 2037 4068 Dii,
2052 4020 2203 4069 quam
2221 4004 2343 4067 ipsis
2362 4003 2492 4052 dura
2508 4005 2617 4068 pla·

1568 4082 1795 4145 cuerint,
1814 4096 1967 4147 quam
1987 4082 2112 4133 saevi
2132 4079 2346 4139 fuerint,
2368 4095 2523 4147 quam
2544 4081 2618 4129 in-

1567 4156 1722 4221 justi.
