3200 4913
589 375 678 446 84
1226 391 1643 444 Auci-onum
1686 391 2155 442 ‘rus‘rmomA

744 535 1181 607 Continuata
1217 533 1524 605 Matthaei
1551 535 1816 602 Parisii.
1902 535 1988 600 In
2016 533 2217 602 Anno
2243 553 2321 600 ιι.
2356 551 2464 600 cc.
2494 552 2623 600 Lu.

679 653 878 721 Nunc
908 673 1059 718 eum
1087 655 1156 717 in
1183 672 1255 716 se
1282 656 1674 719 tenebrosus
1719 653 1807 717 sit
1844 655 1959 736 qui
1991 672 2113 718 rex
2139 655 2529 738 appellatur,
2559 655 2777 738 quali·

593 763 694 820 ter
739 753 1140 822 illuminabit
1185 753 1578 823 obfuscatos
1597 756 1629 819 't
1672 753 1871 820 Unde
1916 754 2217 822 Statius:
2262 761 2283 791 ‘
2313 755 2509 822 Tunc
2554 757 2775 822 omnia

579 859 732 944 jure
760 856 1020 925 tenebis
1050 855 1218 924 Cum
1247 858 1496 942 poteris
1527 855 1687 925 Rex
1706 874 1857 924 esse
1886 856 2092 922 tuis.’²

1227 1002 1653 1069 Everhardus
1684 1003 2114 1088 Labyrintho.

759 1130 1025 1198 Statius
1054 1131 1309 1216 eloquii
1329 1129 1673 1215 jucundus
1699 1130 1916 1210 melle,
1947 1130 2231 1196 duorum

932 1231 1143 1299 Arma
1171 1234 1356 1319 capit
1390 1232 1689 1312 fratrum,
1718 1233 1849 1298 suh
1878 1231 2051 1300 duce
2080 1253 2369 1320 quaeque
2394 1253 2539 1301 suo.

1359 1381 1536 1447 Ibid.
1565 1381 1800 1466 paullo
1828 1389 2005 1448 ante.

761 1507 1020 1572 Statius
1049 1506 1401 1571 AEacidem
1432 1512 1718 1598 stantem
1738 1509 1921 1574 cultu
1946 1508 2252 1574 muliebri

930 1608 1260 1676 Virtutem
1289 1608 1516 1693 prodit
1543 1610 1903 1675 calliditate
1934 1612 2082 1675 viri.

1161 1751 1390 1818 Nicol.
1423 1752 1852 1837 Clemangius
1880 1751 2097 1840 Epist.
2130 1769 2197 1816 v.

675 1870 933 1956 Statius
972 1869 1299 1955 Papinius
1350 1874 1647 1938 omnium
1695 1873 1864 1938 inter
1914 1871 2253 1937 Hernicos
2302 1870 2609 1950 LatinoS‚
2634 1891 2775 1946 uno

587 1980 877 2056 excepto
922 1972 1228 2054 Virgilio,
1273 1973 1746 2057 gravissimus:
1821 1972 2457 2055 studiosissimaque
2505 1970 2775 2055 Virgilii

585 2075 989 2152 imitatione,
1015 2073 1178 2138 alter
1203 2074 1400 2155 quasi
1425 2071 1780 2154 Virgilius.

754 2231 800 2296 J
803 2249 1055 2296 oannes
1085 2229 1478 2310 Boccatius,
1508 2228 1787 2296 Geneal.
1819 2230 2025 2295 Deor.
2052 2229 2173 2294 lib.
2209 2243 2296 2296 x1
2308 2245 2382 2296 v.
2403 2248 2463 2296 c.
2492 2230 2601 2296 20.

674 2357 1072 2436 Hesiodum,
1102 2355 1516 2442 Euripidem,
1536 2355 1853 2436 Statium,
1877 2354 2344 2437 Claudianum,
2361 2357 2773 2442 conspicuos

590 2465 800 2525 vates.

649 2606 1032 2678 Rodericus
1060 2604 1509 2684 zamorensis,
1532 2603 1829 2688 Speculo
1857 2602 2048 2673 Vitae
2074 2606 2438 2687 Harum,
2463 2628 2615 2694 cap.
2640 2609 2705 2675 3.

673 2726 856 2791 Hinc
887 2724 1147 2789 Seneca
1169 2728 1392 2788 noster
1421 2721 1873 2788 Cordubensis
1894 2744 2017 2808 pro
2044 2724 2379 2792 immenso·
2400 2746 2473 2791 se
2500 2746 2769 2793 munere

583 2827 960 2891 habiturum
986 2826 1263 2911 gratiam
1307 2832 1380 2889 et
1423 2823 1672 2891 famam
1702 2824 1887 2911 apud
1914 2834 2227 2911 posteros
2251 2828 2672 2913 precabatur,
2702 2834 2771 2895 et

583 2928 838 2993 Statius
870 2931 1263 3010 praesentem
1301 2924 1571 2993 honoris
1618 2930 1689 2990 et
1728 2924 1924 2991 famae
1951 2926 2229 3011 gloriam
2256 2929 2613 3010 benignum
2643 2930 2773 2993 iter

587 3028 922 3111 Operibus
980 3025 1124 3098 suis
1175 3026 1262 3092 ad
1299 3032 1618 3111 ⁴posteros
1666 3029 1991 3094 stravisse
2030 3027 2327 3107 dicebat,-
2358 3034 2426 3093 et
2482 3027 2769 3095 Ovidius

583 3128 807 3209 Naso,
837 3130 969 3194 sibi
998 3147 1240 3194 nomen
1265 3126 1619 3193 indelebile
1644 3127 1937 3193 futurum
1963 3128 2337 3193 laetabatur.

694 3272 872 3356 Ang.
901 3270 1345 3339 Decembrius
1373 3270 1459 3337 de
1489 3270 1747 3337 Politia
1776 3270 2155 3337 Literarum
2181 3270 2231 3335 l..
2258 3286 2311 3334 1.
2336 3290 2405 3355 p.
2434 3268 2544 3337 κ.
2570 3272 2681 3337 30.

668 3390 931 3456 Statius
979 3390 1048 3453 in
1095 3389 1540 3454 familiaribus
1591 3388 2127 3473 complectendus
2166 3392 2293 3467 est,
2322 3400 2393 3453 et
2418 3388 2464 3453 J
2468 3389 2767 3454 uvenalis

579 3492 928 3576 proecipua
957 3489 1551 3569 commendatione,
1582 3490 1705 3573 qui.
1749 3490 1837 3555 de
1888 3488 2216 3557 Romanis
2260 3490 2329 3552 in
2378 3507 2533 3552 eum
2576 3490 2766 3572 plau-

581 3593 901 3659 dentibus
926 3591 1147 3660 dixit:
1190 3594 1212 3624 ‘
1242 3590 1542 3659 eun-itm
1582 3590 1671 3656 ad
1696 3586 1978 3665 vocem,’
2007 3592 2075 3652 et
2102 3586 2511 3671 virgiliana.
2536 3591 2765 3677 quoad

580 3694 825 3778 potuit,
865 3691 1249 3761 imitatione.
1337 3688 1564 3775 Huius
1604 3688 1855 3775 duplex
1883 3707 2084 3773 opus,
2109 3688 2495 3755 Thebaidos
2520 3688 2767 3775 majus,

583 3802 652 3859 et
676 3794 898 3858 minus
928 3790 1346 3857 Achilleidos
1374 3791 1605 3855 multae
1637 3789 2114 3857 delectationis
2144 3790 2590 3873 opusculum.³

645 3977 678 4023 2
707 3972 840 4023 Sunt
873 3970 1034 4027 verba
1064 3970 1350 4029 Claudi-ni.
1411 3969 1631 4037 mpe-
1775 3978 1807 4031 ⁸.
1840 3974 2141 4027 Poste-ion
2170 3974 2285 4025 linc
2320 3972 2483 4023 verb·
2516 3976 2764 4035 corrupta

581 4056 666 4101 ret
687 4056 856 4101 tamen
897 4058 1171 4113 utrumqne
1209 4051 1343 4101 bunc
1379 4064 1633 4106 summum
1711 4056 1832 4101 runt
1852 4049 1989 4113 apud
2004 4048 2372 4101 Decembrium
2391 4064 2408 4111 ς
2430 4048 2607 4115 utique
2628 4046 2768 4099 enim

583 4125 801 4177 Potitum
834 4123 920 4175 isti
951 4126 1196 4191 scriptori
1228 4124 1388 4177 fuisse
1415 4125 1633 4178 familia-
1712 4126 1779 4177 de
1800 4126 1966 4190 Sylvi-
1985 4132 2102 4176 sunt
2119 4125 2332 4189 scripta.

581 4216 707 4253 nm.
