3200 4913
598 407 683 473 12
1481 421 1896 474 PRAEFA'HO.

597 564 974 632 concedat?
1045 581 1244 629 nemo
1295 568 1511 645 certe:
1553 564 1708 629 nisi
1765 567 1823 628 si
1876 563 2029 649 quis
2078 567 2213 628 tam
2265 562 2469 630 durus
2516 565 2791 650 reperiri

597 673 825 750 queat,
853 671 932 731 ut
955 665 1245 730 fateatur
1286 683 1360 728 se
1404 672 1635 730 vetera
1660 672 1731 732 et
1756 666 1935 730 falsa
1977 684 2179 749 quam
2208 669 2504 732 recentia
2528 677 2601 734 et
2628 689 2793 734 vera

597 765 839 831 malle:
883 765 1078 849 cujus
1105 764 1600 830 sinisteritatem
1632 784 1755 848 pro
1790 764 2045 848 judicio
2076 767 2436 850 suspicere,
2466 788 2574 832 nae
2601 775 2795 835 esset

597 866 920 930 indicium
945 866 1188 931 mentis
1213 865 1515 943 infirmae,
1543 871 1609 930 et
1637 867 1937 931 veritatis
1964 867 2229 931 numine
2254 886 2485 951 parum
2514 877 2790 936 contac-

598 975 752 1032 tae.·
795 971 820 1001 ‘
851 965 1189 1032 Revereor
1237 985 1404 1032 saue
1453 966 1564 1052 (ut
1608 967 1721 1034 ille
1768 969 1890 1046 ait,
1944 968 2031 1032 ad
2078 968 2345 1034 Livium
2393 986 2617 1035 xxlv.
2646 973 2792 1056 25.)

599 1065 886 1134 Veteres
914 1068 1192 1150 Libros:
1235 1069 1332 1134 ita
1359 1074 1584 1146 tamen
1614 1077 1691 1134 ut
1716 1069 1979 1135 illorum
2014 1069 2417 1153 scripturam
2446 1091 2793 1155 nunquam

597 1173 990 1251 praevertam
1033 1170 1099 1232 ei
1130 1187 1330 1251 quam
1363 1169 1556 1252 ipsos
1583 1175 1895 1235 auctores
1922 1169 2272 1253 reliquisse
2302 1173 2615 1238 credibile
2644 1173 2796 1240 est!

601 1267 898 1347 Quando
923 1269 1125 1352 igitur
1151 1271 1220 1333 in
1245 1269 1537 1335 Textum
1559 1271 1844 1334 admitto
1874 1267 2385 1356 Parthenopeque
2411 1292 2534 1356 pro
2564 1270 2792 1357 qum·

601 1379 662 1432 et
685 1368 827 1436 iude
844 1394 868 1441 ,·
929 1369 1005 1434 Si
1033 1371 1300 1457 conjunx
1328 1393 1451 1456 pro
1487 1369 1683 1456 Sylva
1712 1393 1841 1434 una
1858 1391 1883 1439 ‚⁶
1945 1368 2176 1456 Meque
2198 1371 2453 1438 habitus
2480 1394 2794 1459 moresque

599 1490 734 1553 pro·
757 1471 966 1557 'Atque
995 1470 1113 1536 tibi
1137 1492 1446 1558 moresque
1465 1493 1488 1539 ‚·
1539 1471 1828 1558 lacrymis
1855 1491 1977 1556 pro
2010 1469 2206 1536 ,oculis
2228 1495 2253 1542 ‚·
2320 1472 2635 1538 decoravit
2662 1493 2793 1558 pro

591 1572 920 1654 peraravit
935 1596 961 1642 ,-
1025 1577 1096 1636 et
1143 1579 1408 1637 centum
1459 1573 1602 1638 alia
1648 1572 1951 1657 ejusdem
1998 1572 2304 1638 audaciae
2344 1580 2411 1638 et
2448 1575 2793 1656 veritatis:

601 1673 798 1749 scito,
829 1672 1091 1748 Lector,
1115 1691 1224 1738 me
1254 1673 1428 1738 adeo
1457 1693 1586 1737 non
1614 1679 1845 1756 petere
1872 1673 2158 1751 veniam,
2188 1681 2266 1738 ut
2288 1675 2484 1740 etiam
2514 1674 2633 1740 tibi
2660 1677 2793 1742 im·-

602 1780 847 1858 putem.
932 1771 1160 1856 Atque
1187 1774 1440 1838 utinam
1479 1775 1631 1858 pari
1676 1774 2073 1838 certitudine
2113 1779 2331 1857 (paene
2361 1775 2795 1846 Mathemati-

601 1871 718 1956 ca)
757 1873 832 1938 iu
869 1877 1112 1939 ceteris
1155 1873 1543 1942 difficilibus
1587 1874 1759 1941 locis
1786 1875 2038 1939 versari
2088 1877 2499 1958 potuissem!
2565 1879 2795 1945 omnia

603 1993 738 2037 uno
759 1975 990 2039 ordine
1016 1975 1423 2051 habuissem,
1470 1974 1771 2038 Catienis
1815 1975 1999 2038 mille
2028 1974 2334 2041 ducentis
2363 1979 2792 2046 reclamanti·-

601 2074 750 2137 bus.
838 2073 1026 2152 Quid
1055 2076 1234 2140 enim
1283 2073 1482 2138 refert
1509 2091 1554 2138 a
1597 2093 1737 2158 qua
1774 2080 1961 2158 parte
2005 2075 2253 2153 veniat,
2298 2078 2496 2142 modo
2522 2081 2793 2159 venerit,

604 2173 902 2240 veritas?
966 2174 1204 2240 eadem
1250 2182 1359 2240 est
1405 2175 1578 2253 Dea,
1628 2177 1775 2241 sive
1824 2194 1868 2240 a
1912 2193 2019 2240 me
2069 2180 2136 2240 et
2179 2176 2463 2256 Cruceo‚
2509 2180 2655 2245 sive
2698 2179 2792 2245 ab

607 2275 896 2341 Heinsio
924 2281 994 2340 et
1037 2275 1382 2341 Gronovio
1410 2275 1478 2339 in
1503 2276 1724 2341 lucem
1750 2273 2158 2359 proseratur3
2200 2277 2333 2342 nisi
2358 2279 2794 2366 nobismetip-

607 2377 706 2442 sis
735 2384 878 2443 tam
918 2378 1191 2461 maligni
1220 2385 1292 2442 et
1317 2378 1528 2463 iniqui
1545 2377 1817 2463 judices
1846 2396 1996 2443 esse
2022 2377 2355 2458 volumus,
2386 2384 2460 2444 ut
2486 2381 2670 2465 quod
2702 2383 2793 2448 ab

607 2479 761 2545 aliis
804 2478 1168 2565 profectum
1212 2498 1337 2562 pro
1381 2498 1538 2544 vero
1583 2480 1807 2545 statim
1852 2478 2452 2562 amplecteremur3
2510 2482 2602 2560 id,
2632 2485 2797 2565 quia

605 2590 902 2647 nostrum
929 2589 1061 2659 est,
1088 2582 1262 2647 inter
1301 2581 1510 2647 dubia
1530 2582 1956 2666 rejiciamus:
1999 2601 2151 2664 quae
2194 2582 2463 2665 quidem
2489 2583 2796 2649 diffiden-

609 2684 706 2749 tia
735 2704 780 2750 a
820 2685 1081 2769 judicio
1129 2690 1203 2750 et
1243 2703 1406 2749 vero
1453 2684 1755 2769 profectu
1799 2703 1992 2767 aeque
2036 2683 2234 2767 louge
2264 2692 2520 2754 remota
2548 2689 2676 2764 est,
2704 2704 2791 2753 ac

609 2786 996 2868 oppositum
1025 2782 1178 2867 ejus
1213 2780 1507 2867 φιλαυτία.
1602 2784 1781 2851 Haec
1826 2803 2090 2867 semper
2128 2784 2263 2849 sibi
2295 2785 2671 2870 applaudit,
2700 2794 2795 2868 et,

608 2886 770 2949 licet
793 2885 1086 2963 fallatur,
1115 2904 1254 2950 rem
1293 2887 1464 2951 bene
1505 2892 1763 2969 gestam
1803 2892 2139 2951 autumat:
2195 2885 2316 2950 illa
2343 2906 2605 2969 semper
2630 2906 2794 2971 pen·

610 2985 724 3051 det
749 2993 822 3051 et
848 2984 1126 3052 fluctuat
1153 2987 1360 3051 etiam
1389 2988 1458 3051 in
1484 2986 1691 3068 veris3
1736 2992 1917 3051 certe
1962 2993 2183 3051 autem
2228 2992 2367 3051 tam
2394 2995 2641 3071 peccat
2674 2989 2797 3072 qui

609 3087 773 3152 nihil
801 3087 1009 3151 credit
1029 3106 1230 3170 quam
1259 3088 1374 3170 qui
1403 3088 1679 3152 omnia:
1738 3092 1807 3151 et
1848 3087 1911 3150 si
1954 3088 2041 3151 ab
2086 3086 2397 3151 alterutro
2440 3088 2656 3171 perire
2682 3108 2797 3155 ne-

613 3206 806 3253 cesse
833 3188 943 3265 sit,
961 3187 1222 3252 felicior
1244 3188 1506 3251 videtur
1535 3206 1683 3252 sors
1712 3188 1911 3272 copia
1937 3204 2133 3272 quam
2161 3186 2335 3251 fame
2364 3189 2797 3273 pereuntium.

612 3290 753 3355 Sed
799 3288 1083 3354 mediam
1125 3288 1301 3353 viam
1344 3288 1596 3353 insistit
1628 3289 1996 3372 judicium:
2062 3302 2281 3373 neque
2327 3289 2506 3355 ultra
2548 3288 2797 3355 Verum

596 3388 1052 3475 progreditur,
1079 3408 1292 3473 neque
1321 3389 1492 3454 citra
1519 3389 1769 3456 deficit.

705 3490 866 3555 Non
909 3496 1134 3555 tamen
1177 3488 1339 3554 mihi
1383 3490 1452 3553 in
1499 3492 1627 3556 bac
1666 3496 1853 3574 parte
1883 3488 2335 3573 conjecturali,
2365 3506 2525 3571 quoe
2554 3490 2802 3573 cuique

615 3591 914 3656 maxime
940 3589 1390 3667 adblanditur,
1420 3610 1683 3675 semper
1732 3589 2025 3655 indulsi:
2070 3589 2191 3653 sed
2228 3586 2627 3675 ubicumque
2656 3596 2796 3657 erat

617 3692 1020 3758 dubitationi
1049 3691 1271 3769 locus,
1299 3690 1769 3775 conjecturam
1800 3689 1887 3763 ad
1922 3690 2123 3755 imam
2166 3690 2485 3773 paginam
2513 3693 2798 3776 plerum-

616 3812 752 3875 que
779 3792 1068 3858 detrusi:
1129 3793 1304 3857 unde
1333 3800 1528 3875 petas
1571 3793 1757 3869 licet,
1789 3793 1847 3855 si
1876 3809 2013 3856 non
2040 3792 2263 3875 ipsum
2298 3791 2611 3871 Statium,
2642 3810 2797 3858 sen·

621 3912 774 3958 sum
799 3898 1023 3957 tamen
1050 3892 1320 3973 vulgato
1346 3891 1704 3976 potiorem,
1750 3897 1818 3956 et
1866 3893 2057 3977 cujus
2102 3892 2173 3955 in
2221 3891 2427 3957 Notis
2473 3896 2798 3959 rationem

617 3993 925 4074 reddam:
970 4008 1146 4077 quas
1178 3993 1340 4076 quia
1379 4012 1516 4057 non
1557 3994 1767 4058 otium
1810 4000 1927 4059 aut
1957 3994 2217 4058 animus
2242 3992 2367 4057 tibi
2396 3993 2565 4059 forte
2593 3994 2799 4061 suerit

475 4176 484 4185 ·
621 4093 1035 4173 consulendi,
1072 4093 1283 4161 statui
1308 4092 1438 4160 hoe
1465 4101 1671 4177 pacto
1702 4093 2009 4159 decidere
2037 4113 2189 4158 cum
2220 4091 2483 4159 deliciis
2513 4101 2587 4159 et
2610 4095 2799 4165 fasti·

623 4196 740 4263 dio
765 4202 905 4261 tuo.
993 4194 1210 4263 Extra
1235 4193 1359 4259 hos
1387 4194 1554 4261 fines
1583 4197 1641 4263 si
1668 4214 1775 4261 me
1820 4202 2210 4279 evagantem
2245 4214 2535 4280 unquam
2564 4194 2797 4281 depre-
