3200 4913
612 381 699 448 18
1506 394 1922 446 sentuno.
2044 419 2047 422 -

615 543 973 630 prioribus.
1061 537 1446 608 Con-ectum
1483 561 1552 624 p.
1581 541 1967 627 d.·(opinor,
1989 549 2103 626 μέν
2129 539 2477 628 dominum)
2508 543 2813 612 Francis-

617 667 774 714 cum
811 645 1262 713 Puteolanum
1289 664 1306 708 z
1369 651 1441 708 et
1491 663 1670 721 vere,
1720 644 1907 708 ultra·
1926 645 2456 727 ‘impressionem
2506 646 2813 712 Venetiis

613 750 884 826 factam,
913 747 981 812 in
1013 763 1128 811 111.
1161 745 1456 811 millibus
1485 746 1663 810 locis
1709 746 2156 824 emendatum,
2186 747 2317 812 SS.
2359 745 2697 813 Catullum
2744 756 2815 813 et

615 851 879 916 Silvas:
925 854 997 914 ut
1023 858 1100 914 tu
1131 849 1376 916 Lector
1419 850 1745 916 ambobus
1773 850 2269 933 exemplaribus
2298 850 2587 933 experiri
2616 858 2817 934 pote-

614 954 748 1020 ris:
795 954 1021 1036 itaque
1053 953 1238 1020 nullo
1283 945 1394 1018 mo
1442 952 1721 1034 intelligi
1764 952 2019 1036 possit:
2046 963 2053 972 ·
2080 957 2149 1016 et
2177 959 2431 1017 cetera.
2520 952 2813 1036 Impres-

612 1075 762 1122 sum
793 1054 1060 1142 Parmae
1091 1076 1211 1139 per
1237 1075 1355 1128 ‚me
1406 1055 1828 1138 Stephanum
1859 1053 2217 1121 Coranum.
2308 1053 2509 1119 Anno
2565 1053 2814 1120 Christi

615 1173 1151 1225 mcoconxxm.
1182 1155 1479 1226 secundo
1523 1155 1671 1222 Gal.
1712 1156 2171 1240 Septembris?
2206 1182 2213 1190 ·
2262 1157 2660 1222 Franciseus'
2702 1156 2813 1222 hic

607 1258 1034 1326 Puteolanus
1062 1263 1164 1338 (ut
1189 1260 1317 1328 hoc
1349 1260 1564 1326 obiter
1583 1259 1858 1338 addam)
1876 1261 2257 1342 praeceptor
2284 1258 2413 1324 fuit
2425 1259 2567 1324 ,viri
2598 1260 2815 1342 magis

609 1365 786 1441 noti,
809 1362 1115 1446 Philippi
1163 1362 1530 1439 Beroaldi,·
1557 1367 1753 1447 prout
1802 1361 1997 1444 disco
2044 1379 2135 1426 ex
2180 1360 2511 1427 Gevartio
2563 1360 2815 1446 Papin.

611 1465 802 1530 Lect.
836 1482 948 1530 111.
978 1465 1042 1530 6.
1131 1464 1342 1542 Idem,
1371 1463 1635 1548 opinor,
1678 1473 1783 1530 est
1823 1463 2262 1543 Puteolanus,
2294 1463 2491 1548 cujus
2506 1463 2817 1528 meminit

611 1565 1013 1647 Politianus,
1045 1567 1411 1652 Epistolar.
1442 1581 1526 1632 n.
1562 1567 1667 1631 14.
1722 1566 2099 1633 Hine-‚vero
2131 1573 2343 1649 patet,
2372 1564 2813 1649 antiquiorem

609 1669 741 1734 hac
793 1668 1143 1736 Parmensi
1191 1668 1406 1734 fuisse
1455 1666 1815 1736 Venetam.
1846 1667 2069 1744 aliam,
2118 1687 2323 1751 quam
2374 1667 2545 1732 forte
2594 1668 2815 1733 innuit

611 1770 979 1838 Gevartius
1011 1771 1259 1856 Papin.
1291 1771 1482 1850 Lect..
1499 1787 1548 1834 1.
1572 1769 1680 1835 13.
1707 1771 1828 1836 ubi
1857 1771 2023 1836 citat
2050 1771 2441 1855 Principem
2464 1767 2648 1833 Edit.
2670 1768 2815 1835 Ve-

609 1878 835 1940 netam
875 1874 980 1938 ad.
1017 1872 1536 1940 confirmandam
1583 1870 2250 1958 Lectionem‘nymbo
2272 1901 2285 1938 ι
2304 1891 2447 1956 pro·
2480 1869 2773 1956 thymbra
2791 1897 2814 1940 ‚-

610 1997 767 2042 cum
787 1981 1020 2048 ,tamen
1049 1973 1342 2056 thymbra
1364 1974 1464 2034 sit
1490 1975 1558 2034 in
1584 1973 1855 2036 Veneta
1902 1973 2085 2034 Anni
2116 1981 2488 2036 Mocco‘xc.
2518 1979 2599 2038 ut
2625 1981 2815 2039 notat

613 2075 1002 2144 Gronovius
1031 2071 1309 2138 Praefat.
1340 2070 1719 2135 Diatribes:
1766 2078 1836 2135 et
1862 2071 2145 2153 proinde
2165 2090 2448 2136 necesse
2471 2073 2561 2138 sit
2604 2075 2819 2141 aliam·

613 2196 770 2244 esse
800 2174 1135 2240 Venetam
1183 2172 1300 2236 illa
1347 2170 1797 2237 vetustiorem.
1848 2229 1853 2236 .
1886 2170 2104 2235 Immo
2150 2173 2350 2236 trium
2397 2172 2813 2242 Venetarum

613 2277 1059 2360 antiquiorum
1099 2274 1508 2339 mentionem
1553 2272 1867 2356 inveni03
1928 2272 2131 2339 unius
2160 2293 2422 2358 nempe,
2452 2275 2587 2343 An.
2617 2278 2810 2345 1483.

615 2379 798 2465 apud
829 2376 934 2443 Cl.
965 2375 1354 2442 Fabricium
1403 2372 1835 2441 Bibliotheca
1880 2375 2101 2445 Latin.
2142 2375 2261 2441 lib.
2292 2393 2373 2440 11.
2405 2396 2557 2463 cap.
2588 2379 2697 2446 16.
2744 2389 2815 2446 et

610 2483 1070 2567 Supplement.
1098 2500 1168 2563 p.
1197 2478 1351 2543 712.
1439 2476 1756 2556 Alterius,
1781 2476 1919 2544 An.
1950 2478 2148 2545 1475.
2178 2479 2360 2563 apud
2393 2470 2813 2549 Gronovium

615 2586 846 2669 Reliq.
875 2583 964 2649 ad
995 2583 1201 2647 Statii
1231 2580 1499 2665 Sylvas.
1585 2578 1863 2659 Tertiae,
1890 2582 2262 2647 'Parmensi
2305 2586 2713 2665 vetustioriS,
2744 2588 2814 2651 in

613 2686 992 2773 Epigraphe
1018 2685 1222 2751 modo
1245 2682 1559 2749 adducta.
1648 2682 1885 2749 Erravi
1914 2685 2115 2767 igitur
2142 2685 2471 2768 siquando
2499 2686 2812 2753 Parmen-

617 2810 760 2855 sem
789 2790 1085 2855 omnium
1114 2784 1653 2870 antiquissimam
1682 2784 1991 2850 dixerim.
2080 2784 2251 2851 Cum
2280 2786 2369 2850 de
2394 2786 2521 2852 hac
2553 2785 2815 2855 Veneta

603 2891 925 2957 Editione
981 2908 1372 2972 quaererem,
1403 2886 1785 2952 admonitus
1836 2906 2017 2951 eram
2062 2886 2252 2952 illam
2296 2889 2551 2955 servari
2578 2889 2649 2953 in
2696 2890 2817 2955 Bi·

607 2993 950 3057 bliotheca
1009 2988 1388 3055 Celsissimi
1447 2988 1669 3053 Ducis
1728 2989 2081 3067 Devoniae,
2148 2991 2393 3073 egregii
2444 2990 2815 3057 Literarum

611 3093 934 3159 fautoris:
980 3109 1025 3155 a
1051 3110 1186 3174 quo
1233 3088 1641 3173 (interventu
1688 3088 2122 3157 Nobilissimi
2152 3090 2507 3175 cujusdam
2552 3090 2815 3177 Amici)

611 3196 1000 3261 thesaurum
1022 3191 1202 3255 hunc
1218 3191 1606 3275 impetravi:
1648 3211 1937 3276 quorum
1966 3193 2143 3258 adeo
2173 3192 2570 3260 humanitati
2600 3201 2674 3261 et
2702 3198 2813 3261 coss

609 3296 1114 3361 mitatiutinam
1145 3312 1342 3377 pares
1371 3294 1626 3376 gratias
1654 3295 1893 3361 referre
1922 3313 2217 3379 possem.
2305 3294 2395 3360 Et
2412 3296 2561 3379 jam
2588 3298 2811 3377 video,

610 3400 838 3463 omnia
881 3416 1035 3482 quae
1082 3395 1167 3461 de
1211 3398 1603 3479 praestantia
1642 3396 1827 3461 Edit.
1870 3395 2095 3463 Parm-
2124 3397 2676 3480 praedicaveram,
2727 3399 2814 3463 ad

609 3500 784 3566 hane
809 3500 1057 3585 potiori
1079 3498 1232 3583 jure
1259 3498 1726 3565 transferenda
1750 3518 1937 3565 esse:
2001 3498 2257 3582 quippe
2288 3497 2673 3564 Parmensis
2720 3520 2813 3565 ex

609 3604 736 3669 hac
765 3604 965 3687 plane
995 3619 1324 3686 expressa
1349 3599 1562 3665 fuisse
1577 3600 1868 3676 videtur,
1886 3600 2161 3664 mutatis
2186 3598 2527 3664 nonnullis
2554 3599 2654 3685 (et
2682 3602 2813 3668 fre-

609 3712 884 3788 quenter
921 3704 992 3768 in
1021 3698 1250 3787 pejus)
1277 3700 1502 3767 velex
1532 3699 1687 3765 aliis
1720 3699 2119 3777 codicibus,
2150 3699 2260 3764 vel
2286 3698 2459 3764 forte
2489 3720 2578 3766 ex
2608 3701 2807 3769 libitu

609 3794 1019 3881 correctoris,
1071 3802 1417 3869 Francisei
1469 3800 1859 3867 Puteolani:
1930 3808 2005 3871 et
2050 3821 2497 3888 quaecumque
2544 3805 2813 3889 egregia
2869 3825 2877 3837 ·

607 3904 808 3971 habet
836 3903 1252 3983 Parmensis,
1304 3906 1455 3971 haec
1500 3906 1779 3989 quo'que
1817 3902 2021 3969 habet
2042 3926 2074 3986 3.
2125 3909 2196 3970 et
2223 3906 2431 3979 multa
2460 3910 2809 3989 praeterea,

583 4014 766 4089 ’quae
789 4007 863 4069 in
893 4004 1241 4073 Addendis
1272 4006 1544 4074 videas:
1590 4004 1762 4070 adeo
1790 4010 1863 4073 ut
1886 4006 2147 4089 absque
2174 4006 2306 4072 hac
2330 4007 2601 4071 omnino
2624 4026 2808 4071 man-

607 4126 699 4171 ca·
717 4105 958 4173 fuisset
977 4112 1204 4172 nostra
1235 4106 1482 4174 Editio.
1571 4107 1779 4174 Libet
1804 4114 1909 4179 est
1938 4109 2447 4192 pulcherrimus,
2474 4110 2541 4175 in
2572 4108 2805 4175 Folio:

603 4208 674 4277 in
699 4208 937 4277 eodem
960 4210 1296 4281 volumine
1346 4209 1775 4279 continentur
1810 4208 2141 4291 Catullus,
2170 4209 2505 4291 Tibullus,
2539 4216 2612 4279 et
2641 4208 2807 4281 Pro-
