3200 4913
546 389 600 454 6
1437 403 1853 454 reaturo.

551 548 712 616 Nic.
761 545 1088 612 Heinsius
1127 565 1220 610 ex
1249 543 1454 612 Mss.²
1495 547 1657 620 (non
1700 546 1871 616 dicit
1914 545 2197 629 quibus)
2234 545 2551 614 nonnulla
2582 545 2739 614 loca

547 648 870 716 emendat.
931 647 1041 712 Fr.
1063 647 1458 730 'l'iliobroga
1479 647 1881 712 mentionem
1908 646 2073 712 facit
2090 645 2361 712 Codicis
2382 647 2735 725 Puteanei,

549 751 830 817 alterius
877 749 1038 814 Nic.
1092 748 1318 825 Fabri,
1361 748 1562 812 unius
1606 745 1689 811 P.
1720 747 2035 814 Petavii.³
2126 747 2361 814 Facile
2398 769 2562 816 vero
2590 752 2741 816 fieri

545 857 799 936 potest,
843 858 919 916 ut
960 850 1220 933 aliquot
1261 867 1354 914 ex
1397 849 1504 914 his
1547 849 1670 932 qui
1713 848 1996 913 diversis
2045 851 2429 916 nominibus
2484 871 2531 916 a
2574 855 2741 918 viris

546 954 766 1020 doctis
795 952 1246 1036 appellantur,
1289 953 1424 1016 sint
1457 969 1631 1016 unus
1657 957 1915 1018 tantum
1946 950 2257 1036 idemque
2288 951 2551 1029 Codex,
2580 955 2737 1020 titu-

541 1056 682 1120 lum
713 1073 868 1120 cum
913 1071 1310 1138 possessore
1355 1059 1643 1118 mutans.
1730 1051 1947 1117 Extat
1976 1059 2193 1118 tamen
2222 1053 2290 1116 in
2319 1053 2735 1122 Bibliotheca

545 1157 1004 1223 christianiss.
1064 1154 1274 1237 Regis
1333 1153 1584 1220 Gallim
1640 1153 1881 1220 Codex
1924 1157 2095 1220 satis
2137 1155 2455 1240 antiquus
2504 1155 2737 1220 harum

543 1260 924 1344 sylvarum,
969 1265 1172 1340 prout
1221 1276 1330 1322 me
1373 1257 1627 1322 monuit
1654 1276 1699 1320 a
1724 1257 2366 1339 peregrinationibus
2394 1257 2609 1322 redux
2634 1258 2737 1322 vir

543 1361 1040 1427 eruditissimus
1067 1358 1366 1422 Thomas
1399 1357 1779 1434 BentleiuS,
1800 1357 2037 1424 Lm).
2062 1364 2193 1423 tam
2220 1379 2344 1424 suo
2378 1379 2575 1442 quam
2597 1357 2735 1424 Pa-

543 1463 668 1528 trui
699 1462 970 1526 nomine
1001 1460 1169 1524 bene
1187 1459 1334 1542 jam
1361 1465 1584 1535 notus,
1606 1465 1675 1524 et
1702 1459 1861 1526 olim
1892 1461 2291 1526 noscendus.
2338 1460 2573 1544 Hujus
2594 1462 2735 1527 col-

539 1565 858 1630 lationem
889 1579 979 1628 ex
1001 1560 1254 1644 majore
1275 1569 1472 1643 parte
1494 1562 1645 1644 ipse
1669 1561 1955 1628 Lutetiae
1984 1581 2405 1626 commorans
2424 1563 2738 1630 absolve·-

538 1670 676 1744 rat;
695 1662 814 1728 sed
836 1661 1198 1727 infortunio
1223 1681 1378 1726 meo
1401 1661 1689 1726 schedas
1712 1662 1951 1728 Romae
1976 1664 2329 1746 reliquerat
2345 1685 2363 1730 z
2382 1671 2451 1730 et
2464 1665 2735 1744 longius

539 1769 966 1849 processerat
1013 1761 1272 1845 prelum
1317 1782 1514 1844 quam
1543 1769 1616 1826 ut
1646 1764 1991 1828 commode
2038 1771 2107 1830 et
2146 1772 2402 1832 mature
2434 1767 2733 1844 ἅντιβολὴν

537 1867 826 1932 Parisiis
879 1883 1144 1947 possem
1199 1883 1584 1928 accersere:
1643 1867 1713 1928 in
1758 1885 1899 1947 quo
1945 1873 2161 1931 tamen
2204 1886 2483 1950 operam
2536 1887 2729 1931 suam

537 1969 758 2032 amice
815 1972 1137 2049 praestare
1199 1969 1473 2046 paratus
1529 1972 1673 2028 erat
1728 1966 1831 2028 vir
1887 1967 2569 2033 benevolentissimus.
2656 1967 2732 2032 Si

535 2088 694 2134 vero
751 2065 950 2151 hujus
1010 2064 1283 2130 Codicis
1337 2064 1696 2148 aliquando
1738 2083 2023 2147 compos
2076 2066 2290 2142 suero,
2335 2073 2409 2132 et
2450 2068 2511 2131 si
2559 2073 2731 2138 tanti

533 2169 889 2252 videbitur,
935 2165 1150 2232 Curas
1202 2163 1546 2230 Secundas
1587 2165 1743 2230 huic
1788 2167 1973 2248 operi
2020 2186 2153 2231 non
2195 2167 2449 2252 pigebit
2474 2169 2728 2256 impen-

535 2269 712 2338 dere.

623 2373 729 2436 Ex
758 2370 864 2434 his
897 2388 1055 2434 vero
1086 2367 1329 2446 Libris,
1373 2389 1542 2454 quos
1585 2389 1793 2454 supra
1822 2372 2209 2445 memoravi,
2239 2374 2309 2438 in
2347 2374 2521 2439 locis
2552 2373 2725 2440 diffi-

534 2474 880 2541 cilioribus
909 2476 980 2539 et
1008 2471 1364 2539 manifesto
1393 2472 1783 2557 depravatis
1824 2491 1975 2539 raro
2015 2474 2377 2557 quicquam
2410 2482 2527 2541 aut
2554 2479 2725 2542 mul·

531 2583 674 2641 tum
704 2575 992 2655 auxilii;
1043 2573 1302 2657 saepius
1331 2573 1609 2639 nullum.
1696 2574 1807 2639 Ex
1850 2594 1988 2657 qua
2028 2575 2531 2659 conspiratione
2565 2599 2725 2662 pose

533 2696 682 2745 sum
711 2675 1126 2753 concludere,
1147 2680 1266 2741 aut
1284 2676 1528 2741 menda
1553 2676 1852 2742 Statiana
1874 2676 2237 2741 admodum
2260 2682 2527 2743 vetusta
2548 2700 2723 2757 esse,

481 2824 496 2839 .
533 2786 652 2845 aut
674 2777 986 2853 Codices,
1003 2795 1094 2841 ex
1120 2778 1366 2859 quibus
1394 2776 1853 2861 profluxerunt
1878 2784 2205 2861 quotquot
2228 2785 2467 2845 extant
2491 2782 2723 2848 harum

532 2881 890 2965 Sylvarum
921 2878 1360 2962 exemplaria,
1399 2898 1532 2943 non
1572 2879 1789 2944 fuisse
1816 2878 2013 2945 valde
2043 2886 2383 2945 vetustos:
2413 2882 2535 2947 hos
2563 2902 2720 2947 vero

528 3001 666 3046 non
695 2981 868 3045 adeo
899 2988 1206 3045 vetustos
1233 2979 1446 3045 fuisse
1489 2980 1646 3045 hinc
1690 2980 1959 3063 colligo,
2011 2980 2196 3063 quod
2239 2981 2573 3067 pleraeque
2608 2984 2721 3047 de—

527 3082 953 3167 pravationes
983 3080 1135 3164 ejus
1177 3082 1436 3162 generis
1481 3087 1661 3157 sunt,
1698 3068 1789 3145 'ut
1830 3082 1949 3146 vix
1994 3082 2337 3165 proficisci
2380 3086 2723 3167 potuerint

525 3184 660 3250 nisi
705 3203 748 3247 a
791 3182 1014 3247 Libris
1057 3182 1310 3247 minuto
1348 3183 1729 3247 charactere
1772 3202 1897 3247 seu
1940 3182 2155 3248 literis
2198 3184 2721 3267 Longobardicis

525 3289 630 3363 (ut
671 3284 874 3365 vulgo
929 3278 1270 3366 dicuntur)
1313 3282 1707 3365 conceptis:
1756 3282 1887 3347 hoc
1928 3304 2090 3349 vero
2134 3285 2462 3350 scribendi
2506 3306 2719 3369 genus

527 3391 680 3451 ante
708 3386 1032 3451 saeculum
1061 3404 1104 3449 a
1133 3383 1402 3450 Christo
1429 3390 1588 3449 nato
1622 3392 1942 3449 octavum
1978 3387 2081 3450 vel
2112 3406 2359 3451 nonum
2384 3407 2513 3451 non
2542 3390 2719 3453 obti-

524 3488 760 3552 nuisse
805 3493 1046 3551 norunt
1094 3483 1374 3548 Eruditi.
1465 3485 1572 3549 Ex
1611 3483 1994 3569 hujusmodi
2026 3486 2280 3551 Codice
2310 3486 2415 3551 vel
2445 3487 2714 3555 Codici-

523 3591 658 3655 bus
689 3590 1086 3673 transcripta
1111 3604 1262 3650 esse
1294 3592 1624 3671 quotquot
1658 3592 1893 3651 extant
1920 3586 2272 3669 Sylvarum
2301 3590 2713 3673 exemplaria

525 3690 890 3755 admodum
921 3689 1274 3753 verisimile
1303 3692 1428 3765 est,
1455 3688 1615 3773 quia
1644 3688 1948 3769 plurimae
1978 3707 2185 3752 voces
2212 3690 2280 3753 in
2311 3690 2483 3755 alias
2512 3690 2717 3755 demi·

523 3799 792 3873 grarunt
823 3791 1262 3855 similitudine
1308 3789 1622 3855 ductuum
1666 3788 1931 3854 calami.
2002 3788 2112 3855 Ita
2156 3788 2309 3855 bibit
2353 3812 2476 3875 pro
2524 3790 2670 3857 tulit
2690 3817 2711 3855 .-

523 3893 840 3977 quoniam
883 3892 1123 3957 calami
1166 3893 1409 3958 ductus
1457 3892 1526 3957 in
1570 3899 1855 3977 utroque
1896 3893 2235 3959 vocabulo
2283 3895 2483 3960 iidem
2513 3914 2709 3979 paene

585 4058 642 4122 [2
679 4058 760 4106 Ex
808 4056 960 4107 codd.
1015 4056 1284 4107 Vaticanis
1333 4067 1576 4123 quietuor.
1720 4064 1751 4111 8
1786 4060 1895 4110 ‘Hi
1918 4060 2071 4111 codd.
2094 4075 2195 4111 non
2219 4062 2398 4125 Sylvas
2418 4064 2713 4123 continent,

519 4134 658 4183 Vide
671 4132 885 4184 Elench.
907 4134 1192 4197 Scriptum
1213 4136 1499 4198 Compeud.
1521 4144 1579 4188 et
1656 4136 1747 4187 sed
1770 4136 2121 4188 Thebaidem?
2156 4136 2319 4187 Hand.

521 4212 720 4277 Syllog.
747 4212 916 4275 Epist.
949 4212 1014 4261 Τ.
1035 4224 1089 4260 v.
1123 4225 1216 4275 pp.
1239 4216 1353 4263 5⁸2.
1375 4214 1516 4277 ὅθι]
