3200 4913
1116 409 1535 460 saulum
1587 408 1727 460 mn.
1759 410 1845 462 11.
1884 397 1947 463 ¹7.

2486 399 2613 466 281

779 555 870 620 Et
893 553 1075 620 docti
1101 555 1285 622 furor
1313 554 1560 619 arduus
1589 555 1884 635 Lucreti,

774 656 864 744 Et
883 657 998 740 qui
1028 677 1148 740 per
1171 657 1340 722 freta
1366 656 1550 721 ducit
1575 657 2028 739 Argonauta&

771 758 862 823 Et
891 760 1006 841 qui
1030 777 1314 842 corpora
1339 759 1552 842 prima
1580 759 2023 843 transfigurat.
2078 812 2083 820 .
2182 791 2189 798 ·

777 858 960 938 Quin
985 859 1200 945 majus
1223 861 1500 944 loquor:
1549 861 1707 944 ipsu
1726 869 1793 928 te
1823 863 2089 929 Latinis

426 1056 603 1107 eruditi
622 1056 855 1120 Lucretii,
875 1060 926 1106 et
958 1057 1040 1120 qui
1071 1055 1172 1118 egit
1193 1055 1497 1118 Argonautas
1514 1071 1603 1119 per
1622 1057 1793 1119 muria,
1812 1062 1859 1106 et
1879 1058 1963 1122 qai
1982 1059 2111 1110 dixit
2136 1064 2339 1110 mutatas
2347 1061 2537 1120 form
2556 1064 2605 1113 s‘n

427 1136 544 1172 nonu
574 1137 783 1186 corporu-
851 1119 980 1178 Quin
1007 1123 1118 1186 plns
1151 1122 1271 1170 dico.
1338 1121 1452 1185 Ipsa
1485 1121 1653 1172 AE'neis
1689 1125 1819 1172 tum
1850 1123 2170 1188 Pharsaliam,
2208 1141 2348 1190 quum
2384 1127 2610 1178 Romanis

1305 1273 1310 1278 ·
1338 1263 1456 1286 0000
1461 1264 1608 1286 00000
1612 1265 1702 1286 000

424 1367 560 1416 cent.
582 1361 731 1413 Brix.
753 1357 913 1414 Aldd.
935 1361 1101 1414 Colin.
1136 1363 1335 1430 Grypb.
1368 1365 1530 1418 Basil.
1551 1369 1653 1422 ὅτε.
1690 1364 1987 1419 emendavit
2017 1366 2375 1434 Marklandns,
2396 1367 2607 1422 ducit.—

1417 1505 1635 1559 No'rAE

421 1602 620 1652 notavit
647 1601 860 1654 Persius
885 1602 999 1654 Sat.
1031 1603 1048 1632 ‘
1065 1603 1172 1656 Cor
1201 1603 1360 1669 jubet
1378 1605 1476 1657 hoc

407 1677 574 1734 Enni,
597 1685 863 1744 postquam
888 1680 1164 1731 destertuit
1182 1694 1297 1731 esse
1317 1681 1476 1732 Meo·

419 1753 567 1804 uides
601 1755 826 1808 Quintus
857 1770 1060 1820 pavone
1101 1772 1168 1807 ex
1208 1757 1472 1822 Pythago-

419 1829 561 1881 reo?
620 1831 766 1880 Musa
795 1832 954 1897 rudis]
985 1833 1122 1885 Quia
1164 1833 1362 1885 Ennius
1395 1835 1472 1884 in·

419 1905 590 1956 cultus
622 1914 704 1957 est
736 1921 930 1970 genere
959 1909 1187 1974 dicendi,
1216 1910 1472 1975 ‘eumque

419 1982 555 2034 sicut
593 1997 766 2033 sacros
805 1989 1071 2034 vetustate
1106 1986 1252 2037 lucos
1289 1983 1472 2036 edorn-

417 2073 562 2109 mns:
597 2059 652 2110 iu
683 2058 872 2123 quibus
909 2059 1143 2123 grandia,
1171 2067 1228 2110 οι
1259 2061 1472 2126 antiqua

416 2135 604 2186 robore
628 2135 743 2199 jam
765 2149 868 2186 nou
901 2135 1092 2187 babent
1128 2143 1328 2186 tautam
1351 2151 1470 2201 spe-

415 2211 570 2275 ciem,
605 2219 844 2276 quantem
883 2211 1223 2276 religionem,’
1256 2220 1317 2263 nt
1339 2213 1471 2265 dicit

416 2287 784 2339 Quintilianus.
851 2290 1066 2354 Ferocis]
1099 2289 1238 2343 Quia
1275 2291 1470 2340 Ennius

413 2363 614 2424 militiae
657 2377 842 2414 nomen
897 2365 1138 2428 dederat,
1195 2379 1257 2415 ac
1295 2364 1469 2418 fueret

418 2437 686 2503 Centurio,
705 2437 996 2507 famamque
1015 2439 1163 2493 fortis
1193 2447 1249 2493 et
1268 2444 1466 2495 strenui

414 2513 512 2563 viri
534 2512 754 2578 adeptus
771 2513 962 2580 fuerat,
987 2516 1030 2567 si
1053 2518 1308 2569 credimus
1337 2519 1464 2570 Silio

413 2588 598 2639 Italico
621 2590 710 2640 lib.
733 2604 838 2642 ιιι.

473 2668 542 2716 76
578 2667 644 2716 Es
661 2667 940 2728 doctisuror
955 2671 1131 2720 arduus
1150 2668 1371 2736 Lucreti]
1402 2672 1462 2723 Τ.

413 2740 680 2792 Lucretius
701 2742 868 2794 Carus
889 2745 1068 2795 Romae
1103 2753 1251 2796 uatus
1283 2755 1365 2797 est
1399 2748 1460 2797 ¹1·

411 2818 612 2870 Licinio
636 2822 844 2885 Crasso,
865 2829 921 2872 et
943 2824 1009 2874 Q.
1031 2824 1205 2874 Mutio
1227 2825 1461 2875 Scoevola

411 2896 740 2964 Consulibus,
783 2908 1050 2965 ortusque,
1093 2907 1152 2951 ut
1189 2900 1460 2966 probabile

413 2980 516 3035 est,
534 2972 727 3025 familia
749 2974 937 3024 illustri
959 2989 1022 3025 ac
1042 2982 1246 3026 vetusta
1270 2976 1463 3027 Lucre·

409 3048 616 3099 tiorum.
683 3049 960 3101 Probabile
991 3050 1146 3101 etiam
1181 3057 1262 3101 est
1299 3065 1332 3100 a
1369 3066 1461 3116 pa-

409 3124 662 3186 rentibus,
729 3127 1009 3177 secundnm
1061 3142 1256 3177 morem
1309 3128 1462 3192 hujus

407 3198 678 3262 temporis,
699 3198 928 3250 Athenas
957 3202 1163 3253 missum
1183 3202 1360 3266 fuisse,
1393 3203 1460 3253 ad

407 3272 737 3326 imbuendum
761 3273 905 3324 bonis
923 3277 1116 3327 artibus
1137 3280 1379 3338 animum,
1404 3285 1462 3329 et

407 3349 584 3401 statim
609 3349 773 3413 ipsum
797 3349 862 3399 nd
887 3350 1065 3400 hortos
1088 3366 1146 3401 se
1165 3354 1460 3403 contulisse.

404 3426 688 3477 Florebant
729 3440 795 3475 eo
831 3430 1066 3489 tempore
1109 3425 1290 3476 Romae
1322 3430 1460 3478 cele·

402 3502 524 3553 bres
568 3502 685 3564 viri,
723 3500 1000 3566 poetaque
1043 3507 1375 3566 prestantes,
1401 3509 1462 3552 ut

403 3579 700 3640 Memmius,
723 3578 994 3630 Cornelius
1020 3579 1214 3642 Nepos,
1249 3577 1461 3629 Cicero·

405 3672 518 3721 nes,
541 3658 621 3707 M.
642 3656 833 3720 Varro,
872 3655 1042 3705 Varro
1064 3653 1336 3711 Atacinus,
1357 3654 1458 3704 Ca-

405 3733 540 3783 tulus
563 3740 619 3782 et
643 3732 752 3793 alii,
776 3744 902 3796 qnos
923 3730 1062 3781 iuter
1093 3730 1280 3780 amicos
1297 3728 1459 3782 coluit

403 3810 698 3873 Lucretius,
717 3808 1006 3876 quibusque
1027 3821 1180 3859 carus
1203 3806 1324 3871 fuit,
1343 3816 1452 3857 tum

401 3887 469 3938 ob
491 3887 620 3938 alias
641 3884 830 3951 ingenii
869 3884 1040 3947 dotes,
1069 3897 1185 3934 cum
1211 3882 1280 3933 ob
1303 3897 1450 3933 aure-

337 3970 342 3977 ’
402 3978 486 4013 um
523 3962 652 4013 illud
687 3960 932 4012 orationis
969 3958 1189 4011 flumem
1225 3966 1282 4009 et
1313 3958 1448 4025 quod

403 4038 627 4088 omnium
651 4037 930 4088 Poetarum
965 4050 1070 4087 sun
1107 4034 1276 4086 atatis
1309 4042 1452 4087 esset

401 4117 748 4181 gravissimus,
782 4123 838 4167 et
867 4116 1071 4181 judicio
1094 4114 1320 4166 Cornelii
1346 4114 1450 4164 Ne·

400 4193 538 4257 potis
572 4197 629 4242 et
659 4193 740 4244 M.
779 4194 1046 4244 Ciceronis
1064 4189 1452 4256 ‘prmstmtissi-

397 4282 530 4319 suus.
595 4267 854 4319 Maximus
875 4275 1022 4319 certe
1045 4266 1268 4331 futurus,
1286 4266 1328 4317 si
1347 4280 1450 4317 ma-

1557 1607 1806 1660 turiorem
1826 1615 2033 1660 uitatem
2064 1622 2179 1660 cum
2210 1606 2433 1657 sanitate
2462 1619 2609 1658 men-

1555 1684 1623 1734 tis
1644 1687 1905 1748 attingere
1930 1685 2206 1748 potuisset,
2226 1682 2319 1732 sed
2350 1683 2405 1732 in
2437 1683 2608 1732 medie

1553 1766 1713 1810 oetate
1735 1761 1997 1810 extinctus
2018 1766 2117 1817 est,
2139 1766 2195 1809 et
2206 1757 2415 1824 juvenis
2434 1758 2491 1808 in
2515 1758 2605 1808 de-

1549 1835 1795 1885 mentiam
1823 1835 2004 1885 incidit
2044 1835 2235 1900 philtro
2270 1833 2495 1899 prebito
2538 1834 2605 1886 ab

1551 1924 1715 1961 uxore
1767 1911 1987 1973 Lucilia,
2038 1916 2100 1961 ut
2132 1911 2341 1976 qnidam
2394 1917 2605 1975 putant.

1553 1986 1683 2038 Cum
1708 1994 1879 2037 antem
1907 1986 2117 2038 morbus
2153 1987 2232 2037 illi
2265 1985 2495 2037 dilucida
2526 1986 2603 2038 iu·

1553 2061 1771 2111 tervaila
1803 2063 2141 2127 relinqueret,
2179 2062 2295 2112 haec
2332 2075 2433 2112 non
2478 2075 2605 2126 neg-

1548 2137 1701 2201 lexit,
1713 2143 1769 2187 et
1788 2135 2063 2188 scribendo
2078 2136 2227 2201 operi
2245 2135 2311 2185 de
2328 2147 2498 2186 rernm
2516 2149 2603 2186 na-

1549 2220 1672 2263 ture
1693 2213 1915 2265 animum
1937 2213 2207 2278 applicuit.
2270 2211 2501 2262 Tandem
2536 2225 2601 2262 eo

1549 2303 1704 2354 paene
1750 2288 2011 2346 confecto,
2076 2296 2132 2339 et
2203 2288 2601 2352 ingravescente

1546 2365 1744 2430 morbo,
1762 2365 1859 2417 sibi
1885 2379 2063 2417 manus
2086 2363 2282 2428 attulit,
2315 2377 2451 2416 anuo
2471 2369 2601 2414 uta-

1545 2441 1615 2493 tis
1634 2446 1719 2494 44.
1786 2443 1945 2493 Furor
1962 2439 2160 2503 vdua]
2192 2439 2332 2493 Quin
2350 2438 2419 2491 de
2451 2446 2603 2491 natu-

1541 2517 1735 2569 ralibus
1766 2517 1943 2581 rebus,
1959 2518 2126 2582 iisque
2148 2514 2323 2566 arduis
2340 2521 2397 2567 et
2416 2514 2601 2566 diffici-

1541 2594 1676 2645 libus
1694 2594 1906 2658 scripsit
1937 2592 2167 2643 carmine
2200 2591 2430 2654 heroico,
2448 2604 2599 2641 secu-

1541 2674 1627 2720 tus
1651 2670 2015 2733 Empedoclem
2037 2675 2095 2718 et
2115 2667 2413 2732 Epicurum·

1607 2750 1672 2797 77
1708 2748 1777 2796 Es
1799 2745 1879 2809 qus·
1904 2756 1993 2807 per
2008 2742 2148 2803 freta
2180 2741 2311 2791 ducit
2338 2738 2593 2803 Argonau-

1541 2823 1639 2886 tas]
1672 2820 1727 2871 Is
1748 2828 1851 2881 est,
1869 2821 1936 2871 P.
1948 2817 2221 2869 Terentius
2237 2816 2423 2881 Varro,
2441 2817 2459 2847 ‘
2472 2816 2600 2867 Atu-

1540 2898 1711 2947 cinus'
1744 2896 1912 2946 dictus
1935 2910 1966 2945 a
1999 2894 2112 2945 vico
2136 2892 2303 2943 Atace
2338 2893 2392 2943 in
2426 2892 2599 2943 Gallia

1543 2972 1891 3035 Narbonensi,
1929 2972 1981 3020 in
2006 2984 2109 3036 quo
2128 2976 2281 3020 uatus
2304 2976 2406 3032 est,
2448 2969 2596 3034 cujus

1539 3049 1886 3101 meminerunt
1906 3046 2238 3111 Propertius,
2266 3051 2325 3096 et
2348 3044 2591 3095 Ovidius.

1541 3126 1671 3178 Cum
1692 3125 2016 3191 pervenisset
2030 3121 2095 3172 ad
2118 3136 2308 3172 anuum
2327 3121 2494 3171 uetat-is
2512 3124 2594 3171 8⁶.

1537 3202 1764 3266 linguam
1788 3202 2031 3252 Graecam
2064 3210 2262 3248 summo
2294 3196 2480 3246 ardore
2514 3196 2591 3245 di-

1541 3277 1691 3340 dicit,
1717 3276 2084 3339 transtulitque
2098 3279 2322 3338 quatuor
2342 3270 2502 3321 libros
2522 3272 2595 3322 A·

1539 3352 1752 3418 pollonii
1787 3350 1996 3410 Rhodii,
2022 3350 2076 3398 in
2108 3361 2256 3399 sunm
2292 3360 2499 3398 carmen
2520 3347 2591 3397 de

1540 3426 1887 3491 Argonautisg
1941 3423 2081 3474 unde
2130 3422 2480 3476 Quintilianus
2518 3422 2593 3474 ait

1540 3503 1695 3552 ‘eum
1731 3501 1891 3552 fuisse
1926 3502 2265 3564 interpretem
2292 3495 2465 3562 operis
2500 3499 2592 3549 ali-

1538 3575 1661 3626 eni.’
1724 3575 1913 3625 Potest
1931 3582 1987 3624 et
2009 3573 2249 3623 Valerius
2278 3574 2491 3624 Flaccus
2512 3576 2589 3625 in-

1535 3652 1721 3717 telligi,
1751 3651 2023 3717 quietate
2054 3648 2213 3699 Statii
2242 3649 2445 3712 claruit,
2474 3652 2588 3715 qui-

1536 3744 1639 3796 que
1692 3727 1859 3778 simile
1911 3730 2271 3790 argumentum
2324 3727 2587 3777 tractavit.

1532 3806 1744 3856 Dicitur
1786 3809 1961 3854 antem
1992 3801 2075 3852 hic
2110 3801 2279 3851 Varro
2316 3814 2411 3865 per
2453 3801 2589 3853 freta

1529 3882 1744 3933 duxisse
1790 3879 2139 3941 Argonautas,
2172 3874 2329 3941 quod,
2360 3890 2425 3925 ea
2468 3890 2585 3942 qnoe

1528 3956 1833 4009 describunt
1852 3952 2059 4015 Poe'tae,
2078 3950 2253 4001 facere
2274 3951 2532 4003 dicuntur.

1593 4038 1659 4084 78
1699 4032 1763 4082 Et
1798 4031 1880 4095 qus·
1910 4043 2105 4093 corpora
2135 4028 2292 4092 primu
2326 4030 2583 4095 tranfigu-

1529 4109 1633 4173 ναι]
1667 4107 1933 4168 Ovidium,
1955 4105 2175 4170 ejusque
2196 4106 2581 4171 Metamorpho-

1529 4201 1613 4238 ses
1650 4184 1837 4237 inuuit.
1904 4182 2041 4232 Vide
2084 4181 2263 4247 Epith.
2292 4182 2473 4233 Stella
2497 4198 2579 4236 vs.
