3200 4913
1025 876 2025 966 SERENISSI-Mo

729 1117 842 1235 D
937 1123 1058 1238 E
1153 1127 1474 1304 LP
1568 1133 1711 1247 Η
1805 1135 1881 1250 I
1978 1135 2121 1252 N
2212 1139 2375 1272 Ο,

1365 1414 1697 1488 S.P.D.

847 1731 852 1736 .
990 1643 1480 1737 cLAmnth
1527 1673 2068 1777 nummusf

435 2131 639 2224 Nos
689 2159 894 2225 hodie
939 2161 1253 2245 primum,
1303 2161 1828 2227 sannmssmn
1871 2163 2309 2243 Danuuius,
2341 2165 2627 2232 Publius
2666 2199 2670 2203 ·

433 2260 763 2344 Papinius
791 2263 1049 2328 Statius
1075 2265 1524 2346 potentiorum
1552 2263 1753 2329 intrat
1772 2265 2020 2330 limina.
2112 2265 2273 2329 Fuit
2292 2265 2455 2330 olim
2484 2267 2629 2330 Do-

433 2361 716 2426 mitiano
747 2362 1144 2445 Imperatori
1173 2364 1262 2427 ob
1299 2364 1639 2445 ingenium
1688 2367 2225 2447 acceptissimuS,
2254 2372 2323 2430 et
2350 2373 2449 2432 ter
2474 2367 2629 2432 (3ae-

432 2478 628 2528 sarea
655 2484 860 2529 manu
893 2474 1277 2543 coronatuS,
1321 2485 1476 2551 quse
1519 2484 1787 2531 summa
1814 2467 1968 2531 laus
2012 2475 2139 2532 est.
2228 2467 2630 2552 Scriptaque

433 2565 600 2629 tanti
633 2566 808 2629 vatis
834 2585 918 2631 ea
943 2586 1205 2649 semper
1247 2566 1432 2631 fuere
1477 2564 2076 2643 commendatione,'
2116 2576 2193 2632 ut
2224 2570 2441 2633 ausim
2470 2588 2630 2653 spe·
2724 2593 2729 2597 ⁷

432 2684 606 2743 rare,
635 2684 882 2731 novam
919 2686 1148 2732 eorum
1194 2668 1578 2745 editionem,
1626 2687 1782 2750 quae
1814 2669 1941 2733 snb
1970 2676 2090 2732 tuo
2120 2668 2629 2750 Angustissimo

433 2766 702 2831 nomine
746 2767 818 2830 in
866 2767 1088 2832 lucem
1133 2786 1310 2833 nnnc
1355 2768 1609 2852 prodit,
1640 2769 1767 2833 tibi
1795 2788 2034 2833 munus
2082 2767 2261 2833 haud
2293 2770 2629 2851 ingratum

428 2866 737 2931 futurum.
825 2868 1256 2952 Praecipuum
1301 2870 1449 2955 ejus
1495 2889 1670 2954 opus
1718 2869 2018 2933 Thebais
2072 2870 2365 2933 continet
2407 2877 2629 2936 vetus-

431 2967 766 3031 tissimum
795 2966 1086 3036 Graeciae
1116 2969 1386 3049 bellum,
1413 2976 1663 3053 gestum
1692 2971 1867 3034 inter
1894 2970 2068 3034 dnos
2097 2969 2363 3048 fratres,
2392 2970 2511 3053 qui
2544 2970 2629 3035 de

433 3066 818 3131 Thebarum
848 3068 1134 3152 imperio
1166 3071 1684 3139 contendebant.
1774 3071 1925 3136 Illic
1961 3071 2185 3135 videre
2216 3078 2323 3137 est
2349 3070 2630 3136 validis-

435 3169 676 3233 simam
702 3174 964 3251 gentem
1016 3178 1224 3235 totam
1270 3172 1340 3234 in
1387 3190 1462 3235 se
1511 3190 1936 3238 conversam:
2002 3170 2329 3235 inauditae
2358 3170 2629 3237 virtutis

431 3269 730 3334 facinora
743 3290 764 3332 t
807 3272 1172 3353 stupendos
1201 3278 1523 3339 eventus:
1571 3272 1873 3339 Hei-oiim
1918 3292 1993 3337 se
2020 3292 2147 3357 pro
2174 3274 2394 3356 patria
2422 3270 2628 3339 devo-

437 3374 741 3434 ventem:
806 3369 1048 3434 ducem
1077 3372 1360 3453 impium
1403 3372 1679 3441 fulmine
1705 3392 2140 3457 percussum:
2204 3372 2445 3439 fratres
2474 3393 2629 3438 sese

435 3470 684 3535 mutuis
715 3472 1103 3538 vulneribus
1145 3470 1627 3550 conficientem
1688 3492 1812 3538 nec
1851 3476 2011 3539 odia
2053 3480 2264 3539 morte
2303 3475 2629 3551 extincta,

437 3573 674 3639 divisis
702 3578 768 3637 et
791 3592 1020 3638 secum
1041 3570 1871 3654 invicem‘confligentibus
1895 3575 2039 3654 rogi
2066 3575 2374 3639 flammis.
2462 3575 2629 3638 Hoc

435 3674 696 3739 illustre
741 3676 1189 3758 argumentum
1230 3673 1564 3757 Papinius
1608 3684 1747 3739 tam
1776 3672 2050 3739 feliciter
2080 3674 2421 3751 tractavit,
2452 3672 2627 3737 utin

437 3773 690 3859 Epico·
719 3795 973 3858 genere,
1002 3781 1178 3858 ‘post
1217 3774 1509 3839 ‘Homeri
1556 3791 1786 3857 opera,
1829 3773 2259 3855 divinamque
2308 3770 2625 3851 AEneida,

433 3876 602 3941 nibil
619 3874 970 3941 Thebaide
1000 3876 1302 3940 videatur
1327 3874 1706 3957 perfectius.
1772 3873 1952 3953 Quid
1982 3874 2209 3957 Sylvis
2236 3872 2387 3958 ejus
2416 3892 2627 3939 amoe-

431 3978 631 4041 nius?
700 3976 883 4056 Quid
928 3976 1278 4041 floridius?
1346 3974 1620 4054 Quanta
1664 3976 1771 4040 bic
1812 3988 2084 4059 operum·
2134 3975 2471 4041 varietas!
2538 3973 2625 4039 In

431 4076 836 4157 Achilleide,
869 4075 1158 4143 Achillis
1199 4076 1584 4143 Graecorum
1612 4076 1956 4141 fortissimi
1986 4082 2176 4161 gesta
2202 4075 2623 4141 conscribere

437 4184 787 4243 statuerat.
876 4177 1060 4257 Quid
1085 4180 1158 4244 in
1183 4178 1312 4244 hoe
1337 4196 1538 4263 opere
1574 4196 1874 4243 summus
1904 4178 2015 4243 iile
2044 4184 2109 4242 et
2136 4178 2409 4243 excitati
2433 4176 2623 4259 spiri·

501 4292 678 4360 napa.
699 4298 746 4345 ee
775 4292 891 4346 να.
909 4292 1038 4343 cus.
1459 4290 1590 4343 sm.
2442 4289 2487 4339 A
