3200 4913
1110 429 1209 478 nu
1253 427 1562 478 ummo
1608 428 1904 480 smnio.
2302 463 2307 468 -
2512 415 2601 484 ω

683 571 1050 638 Famianus
1079 571 1348 652 Strada,
1373 572 1444 637 in
1469 572 1997 654 Prolusionibus,
2017 593 2169 661 pag.
2194 575 2347 642 859.

503 697 836 767 Invitatus
863 719 908 766 a
933 698 1251 766 Sadoleto
1275 699 1644 779 Fontanus,
1692 697 1913 768 doluit
1954 702 2215 770 mortali
2245 720 2416 768 voce
2444 703 2600 770 Sta-

415 800 583 867 tium
609 821 760 866 esse
785 800 1221 882 referendum,
1245 804 1364 886 qui
1390 807 1510 868 aut
1532 821 1658 868 suo
1684 807 1801 868 aut
1822 802 2163 888 Apollinis
2192 825 2309 870 ore
2333 805 2603 873 deberet

415 903 653 969 audiri.
741 903 932 970 Nihil
963 911 1190 972 tamen
1236 905 1435 972 Statii
1480 905 1694 989 perire
1738 905 1939 986 dixit,
1988 905 2147 970 dum
2182 909 2603 973 reverebatur

413 1007 646 1090 potius
673 1028 878 1093 quam
907 1005 1337 1088 audiebatur3
1382 1027 1536 1072 eum
1564 1005 1890 1074 Statianae
1916 1008 2417 1092 magnificentia
2446 1029 2599 1094 pro-

413 1107 632 1191 prium
653 1109 765 1188 sit,
791 1115 869 1175 ut
895 1115 1182 1195 nequeat
1203 1108 1600 1194 cujusquam
1626 1109 1696 1174 in
1725 1125 1841 1176 ore
1867 1111 2213 1176 vilescere.

899 1278 972 1344 J.
1001 1277 1341 1363 Rykkius,
1372 1278 1456 1343 de
1485 1275 1830 1361 Capitolio
1862 1296 2014 1361 cap.
2042 1272 2151 1344 28.

499 1391 762 1462 Statius
785 1395 862 1462 in
888 1397 1086 1464 tertio
1113 1397 1594 1463 amoenissimae
1622 1396 2031 1462 Thebaidos.

1211 1540 1402 1610 Idem
1443 1559 1596 1627 cap.
1629 1559 1845 1610 xuv1.

497 1657 1027 1728 Probatissimus
1056 1662 1358 1746 Scriptor
1386 1669 1456 1726 et
1481 1661 1917 1746 gravissimus
1948 1659 2166 1729 Poeta
2191 1663 2467 1730 Statius.

721 1813 939 1882 Math.
969 1813 1284 1881 Raderus
1313 1813 1402 1879 ad
1435 1812 1733 1879 Martial.
1756 1813 1876 1880 lib.
1910 1830 1991 1879 x·
2021 1814 2217 1900 Epig.
2242 1815 2311 1882 4.

501 1929 989 1998 Nobilissimus
1017 1932 1372 2016 Papinius,
1400 1931 1592 2016 eujus
1624 1947 1825 1996 aurea
1848 1931 2170 2011 Thebais,
2198 1947 2342 2000 xn.
2372 1931 2598 1999 Libris

413 2034 915 2118 comprehensa,
944 2032 1147 2099 hodie
1174 2034 1442 2117 legitur.

963 2185 1069 2250 St.
1095 2183 1449 2250 Cluverius
1477 2183 1568 2248 ad
1597 2181 2057 2250 GlaudIauum.

495 2299 778 2382 Statius,
799 2321 1182 2388 generosus,
1214 2307 1284 2368 et
1315 2302 1537 2368 subito
1566 2295 1793 2368 calore
1822 2300 2258 2368 admirabilis.

613 2471 664 2553 J
663 2492 763 2538 os.
793 2470 1168 2538 Gonsalius
1190 2470 1502 2537 SalasIus
1531 2471 1622 2536 ad
1651 2469 2038 2537 Petronium
2066 2487 2222 2553 pag.
2247 2468 2402 2535 107.

494 2593 712 2679 Apud
739 2592 1022 2658 Statium
1052 2592 1322 2675 elegans
1339 2590 1763 2676 perfectaque
1793 2589 2101 2655 omuibus
2140 2587 2283 2653 suis
2308 2585 2601 2653 numeris

411 2696 482 2761 id
513 2714 729 2781 genus
757 2693 1142 2778 descriptio.

716 2830 869 2895 Gar.
898 2826 1304 2893 Paschalius
1328 2825 1414 2890 de
1443 2822 1729 2891 Coronis
1756 2824 1873 2889 lib.
1901 2839 1985 2890 11.
2013 2842 2165 2907 cap.
2196 2822 2303 2889 17.

501 2949 964 3018 Dec-tissimus
986 2945 1232 3025 Poeta,
1262 2944 1615 3029 Papinius.

1134 3096 1351 3176 Idem,
1381 3094 1498 3162 lib.
1533 3110 1576 3159 v
1586 3112 1634 3161 1.
1662 3111 1815 3180 cup.
1841 3090 1907 3160 3.

503 3220 795 3301 Statius,
823 3220 1043 3286 omnis
1072 3214 1518 3303 Antiquitatis
1548 3212 2018 3300 peritissimus.

1107 3366 1321 3443 Idem,
1349 3367 1471 3433 lib.
1502 3382 1607 3429 vr.
1636 3384 1792 3449 cap.
1821 3364 1930 3429 14.

504 3488 966 3557 Doctissimus
994 3485 1238 3565 Poeta,
1271 3483 1553 3550 Statius.

522 3640 758 3707 Julius
788 3602 1134 3723 Nigronus
1168 3636 1253 3701 de
1282 3627 1583 3701 Vitanda
1612 3630 1959 3696 Obseoena
1986 3626 2336 3706 Lectione,
2362 3647 2428 3695 e.
2454 3628 2521 3693 6.

506 3758 734 3825 Multa
759 3776 1024 3843 quoque
1051 3750 1124 3819 in
1154 3750 1401 3820 Ovidio
1431 3756 1609 3830 sunt,
1636 3748 1877 3836 quibus
1920 3761 2051 3812 non
2079 3738 2461 3822 offendaris,
2492 3744 2608 3811 Li-

411 3859 518 3925 bri
545 3858 894 3938 Tristium,
913 3858 998 3923 de
1021 3856 1264 3933 Ponto,
1291 3860 1362 3921 et
1389 3848 1763 3919 Fastorum.
1848 3846 1931 3913 In
1960 3845 2305 3931 Virgilio‚⁷
2330 3845 2607 3915 Latino-

417 3982 574 4028 rum
600 3962 926 4041 Homero,
951 3960 1025 4026 in
1053 3958 1295 4037 Statio,
1325 3958 1386 4023 si
1425 3954 1722 4042 paucula
1746 3951 1943 4029 vites,
1970 3954 2190 4015 cetera
2207 3966 2347 4013 non
2371 3954 2607 4016 vetan-

423 4072 552 4131 tur.

424 4253 457 4299 ⁷
489 4249 636 4301 Beue
654 4246 876 4313 Virgilio
899 4243 1174 4311 Papinium
1190 4242 1383 4309 jungit.
1450 4243 1597 4293 Bene
1617 4240 1777 4292 etiam
1807 4234 2143 4303 Παιδεραστίυ
2162 4232 2313 4301 bujnr
2346 4236 2606 4289 amolitur.
