3200 4913
1216 364 1638 416 SYLVARUM
1687 369 1833 418 ΜΒ.
1869 372 1918 420 1.
1955 359 2018 421 5.

512 502 656 567 Hic
677 508 743 568 te
774 505 1204 587 perspicuum
1232 508 1496 584 merline,
1525 509 1866 590 Narcisse,
1898 515 2156 580 videres
2179 537 2198 597 3

2579 363 2708 428 171

513 603 656 668 Hic
685 605 889 669 velox
922 605 1187 671 Hecate
1220 609 1379 673 velit
1407 617 1477 672 et
1506 609 1832 693 deprensa
1869 614 2100 680 lavari.

514 703 699 782 Quid
730 726 901 771 nunc
928 714 1145 771 strata
1172 710 1323 773 solo
1354 711 1633 775 referam
1663 715 1993 793 tabulata,
2027 723 2374 800 crepantes

511 805 849 869 Auditura
877 807 1076 890 pilae,
1108 809 1227 872 ubi
1248 809 1604 893 languidus
1633 812 1804 894 ignis
1832 814 2084 880 inerrat

517 986 749 1050 Cytherea
780 988 939 1037 manet
970 990 1099 1038 narei
1120 1005 1181 1039 ex
1196 990 1281 1039 hoc
1299 991 1439 1042 mur-i.
1491 993 1593 1042 Hic
1614 999 1678 1054 te,
1703 994 1948 1054 Neu-cisse,
1968 997 2144 1047 clarius
2162 1002 2411 1059 spectares,
2427 1005 2476 1048 et
2493 1002 2702 1052 conside·

510 1063 661 1127 ''Cre-8·

730 1051 829 1100 Hic
863 1053 1010 1113 agitis
1030 1054 1195 1103 mana
1226 1060 1409 1117 optaret
1444 1058 1606 1106 lavare
1641 1072 1692 1107 se
1727 1063 1774 1106 et
1803 1060 1836 1106 d

1836 1060 2099 1121 epi-eluendi.
2167 1062 2298 1117 Quid
2317 1079 2439 1112 nanc
2455 1079 2703 1115 mernor-em

506 1120 792 1176 pamma,
812 1117 1037 1166 nuditus-a
1049 1124 1315 1168 resonantes
1326 1121 1451 1183 pilas
1468 1121 1748 1184 ludentium,
1764 1122 1850 1171 ubi
1865 1125 2018 1173 adhuc
2031 1123 2200 1174 debilis
2205 1125 2410 1190 flumana
2423 1135 2628 1190 vagatur
2648 1131 2700 1182 iu

1428 1252 1517 1273 m
1520 1251 1790 1274 mn&

509 1329 669 1379 lectio
692 1338 773 1381 est
794 1346 859 1380 ex
882 1331 1185 1394 conjectura
1219 1333 1435 1385 Adriani
1458 1337 1724 1387 Behottii:
1760 1337 1916 1387 silent
1937 1345 2110 1388 tamen
2132 1338 2506 1390 editorem-66
2548 1341 2700 1392 Rom.

512 1399 569 1442 et
610 1393 813 1458 Gryph.
846 1397 1130 1458 deprehensa
1146 1415 1164 1456 ,·
1198 1398 1357 1450 Aldd.
1390 1401 1839 1464 deprehensa—67
1883 1402 2013 1456 Quid
2030 1437 2043 1452 .
2064 1435 2078 1450 .
2098 1433 2141 1452 ..
2165 1402 2374 1451 tabulatu
2391 1401 2418 1453 :1
2446 1405 2701 1467 crepantis,

510 1459 591 1520 ᾄτ.
626 1456 783 1534 Aldd.
809 1461 971 1509 Coliu.
997 1462 1309 1526 Gryph.&e.
1374 1465 1569 1514 Mirum
1603 1473 1688 1514 est
1709 1466 2023 1528 interpretes
2044 1465 2184 1514 adh.
2215 1466 2250 1514 l.
2286 1467 2356 1516 ita
2377 1467 2617 1516 haesisse:
2655 1471 2700 1518 si

513 1528 855 1586 quantitatem
875 1526 963 1574 τοῦ
977 1526 1103 1588 pilas
1122 1527 1331 1591 paulum
1355 1530 1794 1587 considerassent,
1817 1532 2018 1580 seirent
2038 1531 2217 1580 saltem
2243 1531 2458 1580 Poetam
2482 1532 2608 1596 pilus
2628 1533 2699 1581 lu-

1496 1657 1709 1708 NOTAE

511 1747 707 1811 Venus,
727 1750 903 1800 mallet
924 1751 1068 1800 nasci
1107 1767 1171 1800 ex
1204 1753 1320 1815 hoe,
1355 1768 1507 1818 quam
1530 1768 1561 1804 e

509 1825 657 1888 mari,
676 1840 709 1874 e
730 1841 833 1890 quo
856 1835 982 1876 nata
1005 1841 1121 1876 esse
1144 1829 1351 1878 dieitur.

572 1907 637 1951 ⁸5
677 1901 917 1964 Neu-cisse]
952 1902 1092 1952 Nota
1111 1904 1287 1952 fabula
1307 1903 1562 1960 Narcissi,

513 1976 600 2040 qui
634 1977 921 2039 spectando
944 1992 1000 2026 se
1022 1977 1076 2026 in
1100 1978 1380 2027 clarissimo
1400 1977 1564 2040 fonte,

509 2065 621 2115 prae
643 2052 798 2102 nimio
814 2054 895 2102 sui
917 2067 1091 2102 amore
1108 2053 1393 2104 contabuit.
1424 2045 1560 2103 Vide

507 2128 675 2178 Theb.
692 2143 797 2178 vu.

574 2209 641 2254 ⁵6
674 2205 881 2268 licente]
914 2206 1103 2258 Diana.
1155 2206 1281 2257 Velit
1297 2212 1346 2256 et
1366 2207 1559 2270 depren-

509 2279 755 2341 an'lom‘]
788 2281 953 2331 Notat
974 2279 1220 2338 fabulam,
1244 2297 1347 2346 qna
1370 2282 1559 2331 dicitnr

509 2357 727 2407 Dianam
752 2365 897 2407 tanta
917 2358 992 2407 ira
1007 2359 1261 2408 exarsisse
1280 2360 1331 2408 in
1353 2359 1559 2408 Actaeo-

508 2447 647 2495 nem,
690 2433 826 2499 quod
866 2448 921 2483 se
964 2435 1149 2485 nudam
1204 2435 1463 2483 lavantem
1506 2435 1558 2483 in

508 2508 656 2559 fonte
677 2510 977 2574 Gargaphie
992 2508 1414 2573 deprehenderit,
1434 2508 1561 2558 utin

506 2598 717 2635 cervum
736 2586 879 2635 illum
902 2586 1199 2635 mutaverit.

573 2663 637 2709 5⁷
673 2660 932 2723 Crepuntes
960 2660 1203 2710 Auditur-u
1220 2659 1367 2724 pilas]
1404 2660 1559 2709 Hunc

509 2734 674 2784 locum
715 2736 857 2785 varie
916 2736 1187 2799 explicant
1230 2736 1559 2800 interpretes.

506 2810 831 2873 Bernartius,
854 2817 913 2861 ut
933 2818 989 2861 et
1009 2812 1357 2874 Mercurialis,
1378 2816 1432 2860 et
1448 2812 1561 2860 Coe·

504 2885 604 2936 lius
644 2886 965 2950 Rhodiginus
1012 2900 1105 2949 per
1146 2891 1391 2949 crepantes
1419 2887 1561 2949 pilus,

507 2962 704 3023 glomos
750 2962 865 3025 pice
906 2962 1067 3010 illitos
1110 2961 1326 3024 intelligi
1382 2960 1561 3009 existi·

510 3044 671 3098 mant,
692 3052 820 3102 quos
842 3037 895 3086 in
929 3037 1099 3100 ignem
1126 3037 1421 3086 balneorum
1444 3050 1561 3085 con·

500 3110 667 3175 jleere
712 3111 967 3173 solebant,
1010 3112 1171 3161 sicubi
1208 3110 1347 3161 forte
1378 3113 1558 3161 restin-

511 3195 774 3249 gueretur,
813 3194 869 3237 et
895 3186 1160 3237 adducunt
1195 3190 1362 3237 locum
1385 3188 1557 3237 Vitru-

510 3262 581 3312 vii
600 3262 693 3313 lib.
714 3276 768 3312 v.
797 3264 885 3312 ubi
921 3263 1029 3312 aitz
1065 3264 1083 3291 ‘
1102 3263 1439 3325 Suspensurae
1460 3264 1562 3311 eal·
1597 3308 1612 3321 ,

510 3338 767 3388 duriorum
806 3339 878 3387 ita
912 3345 1036 3386 sunt
1071 3334 1339 3398 facienda»,
1362 3345 1422 3386 ut
1458 3338 1563 3400 pri-

508 3428 647 3463 mum
686 3411 1129 3478 sesquipedalibus
1172 3412 1358 3473 tegulis
1402 3414 1563 3461 solum

506 3496 771 3539 sternatur
818 3489 1117 3538 inclinatum
1168 3486 1232 3535 ad
1283 3487 1565 3549 hypocaus-

508 3570 637 3627 tum,
681 3564 755 3613 uti
802 3564 909 3627 pila
944 3579 1061 3614 eum
1096 3563 1426 3624 immittatur,
1462 3575 1563 3612 non

506 3641 675 3705 possit
707 3641 849 3690 intus
887 3636 1167 3690 resistere?
1232 3638 1562 3687 Robortellns

506 3715 681 3764 fulcra
700 3716 962 3778 intelligit,
976 3730 1067 3765 seu
1084 3729 1263 3777 parvas
1280 3714 1562 3775 columnas,

507 3806 623 3857 quae
638 3799 788 3841 eerto
809 3790 988 3841 ordine
1010 3792 1279 3840 collocatae
1302 3789 1561 3851 pavimen·

509 3878 621 3918 tum
642 3868 941 3917 balnearum
978 3866 1321 3925 sustinebant,
1354 3871 1414 3914 ut
1448 3864 1563 3916 fuse

512 3945 731 4008 exponit
772 3944 827 3993 in
866 3943 1217 4005 descriptione
1258 3942 1559 3991 sudationis

514 4020 739 4071 Pisana.
806 4020 1065 4070 Domitius
1114 4019 1359 4081 iutelligit
1407 4020 1562 4080 pilam

510 4110 803 4147 concavam.
854 4096 1129 4146 Turnebus
1148 4096 1369 4160 denique
1392 4103 1446 4145 et
1464 4094 1566 4145 Ge-

510 4172 703 4223 vartius
742 4172 876 4237 pilas
911 4172 1148 4235 lusorias,
1175 4170 1362 4237 quibus
1384 4170 1439 4220 iu
1460 4170 1565 4221 bal-

1641 1755 1753 1804 neis
1795 1754 2070 1816 ludebant,
2113 1753 2322 1804 interim
2371 1753 2494 1804 dum
2537 1757 2699 1820 hypo-

1641 1836 1819 1879 causta
1841 1831 2178 1879 calescerent.
2201 1830 2354 1880 Quod
2373 1839 2428 1878 nt
2445 1832 2696 1894 intelliga-

1643 1911 1744 1967 tur,
1759 1905 2134 1955 observandum
2153 1913 2255 1966 est,
2269 1905 2550 1969 Trigonem
2571 1907 2700 1957 fuis-

1641 1993 1718 2040 se,
1758 1979 2175 2042 Sphaeristerinm
2213 1979 2470 2044 quoddam
2507 1983 2558 2031 in
2589 1982 2700 2031 bal-

1640 2069 1758 2118 neo,
1779 2056 1855 2104 sic
1878 2055 2074 2105 dietum
2099 2056 2181 2105 vel
2208 2055 2364 2130 quod,
2387 2057 2698 2121 triquetram

1639 2147 1731 2182 sen
1773 2134 2146 2197 triangularem
2199 2133 2418 2184 haberet
2459 2133 2701 2198 figuram,

1641 2224 1792 2274 quain
1808 2207 2038 2272 τρίγωνον
2049 2215 2236 2258 vocant
2253 2209 2447 2272 Graeci,
2462 2209 2545 2259 vel
2557 2211 2696 2275 quod

1638 2283 1877 2334 ludentes
1909 2299 1973 2334 eo
2007 2285 2110 2333 situ
2149 2291 2365 2344 starent,
2386 2292 2444 2334 ut
2466 2287 2700 2348 triangu-

1639 2359 1743 2408 lum
1777 2357 2064 2409 efficerent.
2131 2357 2215 2407 Ad
2244 2359 2532 2420 hujusmodi
2574 2360 2694 2422 pilu.-

1639 2435 1803 2485 lusum
1825 2439 2200 2497 constructum,
2223 2447 2285 2483 ae
2308 2433 2538 2499 tepidum
2563 2448 2696 2485 sem·

1641 2506 1738 2575 per
1753 2520 1868 2562 erat
1891 2511 1960 2562 ob
1977 2509 2278 2575 adjunctum
2299 2510 2697 2573 hypocaustum,

1641 2600 1708 2637 ne
1745 2587 1890 2637 exuti
1927 2586 1993 2636 ad
2029 2586 2304 2634 ludendum
2337 2585 2575 2634 homines
2589 2592 2697 2636 sta-

1642 2662 1736 2711 tim
1771 2662 2021 2725 algerent.
2071 2658 2174 2709 ·Ad
2208 2660 2346 2709 hune
2367 2660 2537 2708 loeum
2575 2674 2699 2709 eou-

1638 2734 1889 2799 fluebant,
1925 2751 1987 2785 ae
2025 2734 2294 2795 ludebant,
2319 2735 2534 2784 *interea
2571 2734 2696 2785 dum

1638 2810 1955 2875 hypocausta
1967 2818 2022 2859 et
2039 2808 2340 2859 sudationes
2359 2810 2696 2861 calescet-ent.

1639 2886 1792 2938 Quod
1834 2884 2093 2949 expressit
2135 2885 2331 2934 Statius
2372 2885 2450 2933 his
2493 2886 2692 2937 verbis:

1640 2962 1770 3010 ‘Ubi
1793 2960 2062 3024 languidus
2087 2959 2223 3023 ignis
2246 2958 2440 3008 inerrat
2461 2959 2700 3024 AEdibus,
2732 3012 2744 3022 ,

1641 3043 1698 3084 et
1719 3043 1926 3085 tenuem
1950 3034 2164 3083 volvunt
2199 3035 2518 3097 hypocausta
2541 3050 2694 3099 vapo-

1641 3112 1786 3161 rem.'
1829 3112 1980 3161 Unde
2003 3110 2265 3159 Martialis
2282 3110 2372 3161 lib.
2387 3124 2466 3160 w.
2488 3113 2588 3173 Ep.
2614 3116 2695 3161 10.

1641 3188 1658 3215 ⁴
1673 3188 1776 3236 Seu
1801 3189 1992 3237 lentum
2011 3200 2216 3236 ceroma
2231 3187 2376 3247 teris,
2393 3186 2694 3247 tepidumve

1643 3261 1880 3324 trigona!
1933 3264 2002 3311 Et
2027 3261 2115 3309 lib.
2136 3273 2242 3311 xn.
2287 3260 2386 3321 Ep.
2409 3263 2490 3309 84.
2525 3261 2540 3287 ‘
2559 3260 2696 3325 Cap-

1645 3340 1792 3390 tabat
1813 3339 2045 3403 tepidum
2069 3337 2256 3387 dextra
2281 3338 2516 3401 laevaque
2537 3338 2694 3402 trigo-

1643 3428 1781 3475 nem,
1817 3415 2055 3477 Imputet
2085 3420 2333 3475 exceptas
2354 3420 2412 3459 ut
2435 3411 2532 3461 tibi
2553 3426 2696 3477 saepe

1645 3489 1819 3552 pilas)
1883 3491 2012 3539 Cum
2058 3497 2229 3540 autem
2264 3488 2582 3553 hypocausta
2617 3504 2697 3539 sa·

1645 3564 1712 3613 tis
1755 3565 2093 3627 incaluerant,
2126 3564 2245 3613 {eris
2287 3564 2460 3613 sonitu
2491 3564 2696 3628 signnm

1643 3641 1884 3701 dabatur,
1927 3654 2032 3704 quo
2070 3638 2135 3688 ad
2177 3639 2412 3688 balneum
2445 3640 2696 3689 vocaban-

1644 3723 1744 3766 tur.
1814 3716 1953 3765 Hine
1987 3713 2245 3764 Martialis
2267 3712 2360 3762 lib.
2385 3726 2504 3763 xW.
2539 3712 2691 3779 Epig.

1643 3795 1758 3841 163.
1823 3793 1840 3819 ⁸
1863 3790 2042 3839 Redde
2067 3788 2256 3851 pilam:
2290 3794 2442 3837 sonat
2464 3802 2535 3836 aes
2557 3788 2696 3838 ther-

1643 3880 1875 3917 marum:
1909 3865 2090 3915 ludere
2113 3865 2320 3928 pergis?
2374 3864 2588 3926 Virgine
2617 3866 2696 3915 vis

1643 3946 1754 3992 sola
1791 3944 1928 3991 lotus
1966 3941 2112 3990 abire
2132 3938 2370 3990 domum!
2435 3939 2696 3992 Dicuntur

1643 4024 1815 4066 autem
1854 4021 2094 4080 περαίη
2126 4016 2255 4078 pila,
2283 4014 2404 4078 quia
2435 4015 2556 4065 dum
2587 4017 2696 4080 pila

1643 4091 1862 4141 datatim
1885 4104 2014 4140 eava
2042 4104 2194 4139 manu
2218 4088 2474 4153 redditur,
2493 4091 2694 4154 exeipi-

1645 4176 1818 4232 turve,
1859 4168 2112 4234 crepitum
2145 4166 2306 4218 edere
2335 4168 2488 4218 solet.
2553 4167 2694 4217 Hine
