3200 4913
546 369 636 436 26
1103 377 1130 424 .·
1165 389 1226 437 ι’.
1277 386 1567 436 nunu
1614 385 1866 438 sum
1908 386 2112 438 vrrs.

550 553 712 619 gero
743 533 988 612 Dante,
1013 548 1142 598 suo
1171 534 1462 598 carmine
1489 525 1850 618 proditum,
1880 534 2171 600 Statium
2198 535 2511 602 videlicet
2534 535 2745 621 Papi-

549 638 732 701 nium
759 634 1060 718 religioni
1105 633 1506 700 Christianae
1560 635 1899 701 addictum
1943 636 2181 721 fuisse,
2214 635 2748 724 christianisque

554 746 696 805 tum
723 737 1214 815 laborantibus,
1258 738 1347 803 ob
1397 744 1646 804 metum
1692 738 1978 817 occulte,
2024 758 2152 834 pro
2190 739 2367 805 virili
2413 759 2611 824 opem
2642 745 2749 832 ¹²¹¹·.

553 843 742 922 lisse,
768 860 852 906 ne
881 840 1143 907 scilicet
1171 839 1532 925 suppliciis
1559 839 2125 923 cruciatibusque,
2149 841 2398 924 quibus
2426 847 2565 908 tum
2587 863 2750 927 pas-

555 943 690 1009 sim'
714 941 1193 1021 afficiebantur,
1224 943 1578 1026 agitaretur
1606 944 1777 1028 ipse.
1865 941 1951 1008 In
1975 943 2151 1008 hanc
2184 947 2404 1008 autem
2430 945 2752 1028 pietatem

559 1053 634 1110 et
658 1046 1048 1130 religionem
1072 1046 1425 1111 inclinasse
1451 1044 1633 1110 idem
1662 1043 1877 1110 Poeta
1904 1044 2137 1123 innuit,
2184 1046 2275 1110 ob
2316 1063 2439 1110 eos
2481 1045 2755 1131 Virgilii

556 1167 788 1216 versus
818 1167 906 1214 ex
938 1146 1243 1232 Sibylla:

812 1264 860 1333 J
861 1285 970 1331 am
997 1265 1171 1332 redit
1195 1271 1265 1331 et
1291 1263 1527 1350 Virgo,
1549 1265 1824 1331 redeunt
1851 1266 2168 1332 Saturnia
2194 1286 2413 1352 regna,
2442 1273 2592 1336 &c.·

559 1383 698 1449 Sed
727 1405 817 1451 an
847 1385 1109 1451 Dantes
1157 1386 1481 1471 deceptus
1525 1388 1639 1466 sit,
1681 1395 1760 1452 ut
1807 1387 1880 1452 in
1917 1387 2223 1472 ejusdem
2264 1389 2469 1454 etiam
2512 1392 2757 1474 patria,

559 1504 695 1553 non
723 1487 921 1554 vobis
941 1487 1145 1554 facile
1176 1489 1486 1568 dixerim,
1514 1509 1671 1555 nam
1698 1494 1768 1554 et
1792 1490 2193 1555 recentiores
2213 1489 2382 1554 alios
2402 1491 2759 1556 nonnullos

563 1588 925 1674 scriptores
953 1592 1023 1656 in
1049 1591 1287 1657 eodem
1315 1591 1532 1658 fuisse
1563 1611 1780 1658 errore
1818 1591 2115 1666 invenio.
2202 1591 2473 1676 Legitur
2497 1600 2568 1657 et
2598 1590 2763 1676 Epi-

565 1691 867 1774 taphium
897 1693 1102 1759 Statii
1131 1714 1174 1760 u
1202 1693 1607 1778 Pomponio,
1651 1698 1725 1759 ut
1756 1692 1982 1772 fertur,
2027 1693 2391 1776 conditum,
2440 1693 2621 1780 quod
2666 1713 2765 1759 re-

563 1793 738 1859 ferre
767 1793 953 1862 haud
981 1796 1267 1882 pretium
1297 1813 1521 1883 operae
1553 1795 1834 1862 videtur.

915 2052 1446 2120 GERARDUS
1493 2051 1937 2118 JOANNES
1985 2051 2416 2132 vossms‚

821 2157 828 2166 ⁶
1036 2213 1135 2268 'DE
1169 2211 1425 2269 POETIS
1458 2211 1750 2270 LATINIS
1784 2217 1947 2270 CAP.
1983 2213 2091 2270 111.
2124 2219 2190 2270 P.
2220 2223 2303 2269 45.

665 2379 996 2445 Sumus
1052 2379 1433 2446 mvn-uus
1494 2379 1736 2461 Poeta,
1779 2380 1897 2466 qui
1958 2382 2088 2447 sub
2144 2381 2537 2449 Domitiano
2579 2384 2773 2465 vixit,

579 2501 938 2568 perperam
971 2482 1387 2563 confunditur
1415 2502 1566 2549 cum
1587 2483 1807 2549 Statio
1836 2484 2079 2565 Poeta,
2110 2486 2503 2568 cognomine
2532 2487 2783 2553 Surcu-

577 2586 668 2664 lo,
719 2586 834 2669 qui
863 2564 1105 2650 claruit
1148 2585 1273 2650 sub
1305 2584 1597 2650 Nerone.
1686 2585 1796 2649 De
1844 2584 2143 2652 Rhetore
2190 2598 2348 2652 sunt
2380 2587 2503 2652 illa
2534 2588 2780 2655 Hiero-

578 2690 764 2772 nymi
790 2689 862 2753 in
891 2686 1226 2753 Chronico
1257 2686 1687 2755 Eusebiano·
1741 2685 2011 2773 Olymp.
2058 2706 2266 2754 ccix.
2316 2709 2423 2755 an.
2451 2690 2513 2753 1.
2549 2689 2739 2776 (est
2718 2711 2780 2756 ιε

581 2780 882 2855 Neronis
910 2787 1349 2875 secundus)‘
1372 2790 1624 2856 Statius
1654 2790 1980 2855 Surculus
2010 2790 2458 2857 Tolosensis'
2437 2811 2508 2855 ιιι
2529 2790 2782 2857 Galliis

581 2892 1001 2957 celeberrime
1069 2892 1508 2957 Rhetoricam
1562 2891 1808 2958 docet:
1892 2892 2061 2978 Ejus
2120 2912 2357 2959 nomen
2415 2914 2661 2961 verum-
2694 2914 2785 2960 ex

586 2994 891 3060 Suetonii
948 2994 1178 3060 libello
1229 2992 1314 3059 de
1366 2992 1586 3059 claris
1642 2992 2059 3059 Rhetoribus
2110 3002 2444 3077 superest,
2488 2996 2606 3060 ubi
2649 3014 2785 3059 non

589 3097 913 3163 Surculns
952 3102 1263 3174 vocatur,
1305 3095 1425 3160 sed
1455 3093 1771 3174 Ursulus,
1802 3095 1900 3158 uti
1941 3101 2012 3159 et
2044 3094 2118 3160 in
2162 3094 2495 3160 Chronico
2524 3096 2662 3161 Ms.
2694 3096 2783 3161 ad

587 3198 662 3264 S.
691 3198 1017 3263 Victoris.
1109 3195 1270 3263 Ursi
1315 3196 1487 3261 enim
1534 3202 1607 3261 et
1643 3195 1878 3261 Ursuli
1908 3196 2183 3261 familiae
2216 3203 2373 3262 sunt
2398 3199 2689 3276 nomina,
2713 3204 2790 3263 ut

588 3320 679 3366 ex
706 3306 861 3368 vett.
892 3300 1441 3386 inscriptionibus
1494 3304 1792 3364 constat.
1878 3297 1975 3364 At
2018 3297 2347 3383 Papinius
2395 3300 2617 3365 Poeta
2664 3320 2789 3367 uec

587 3400 851 3483 Ursuli,
880 3402 992 3469 vel
1020 3401 1304 3481 Surculi,
1355 3420 1727 3483 cognomen
1756 3386 2029 3476 habuit,
2061 3419 2187 3465 nec
2215 3398 2613 3465 Tolosensis
2640 3401 2789 3479 suit,

593 3504 715 3569 sed
739 3502 1260 3588 Neapolitanus.
1347 3500 1653 3587 Reliquit
1686 3518 1753 3565 v.
1793 3502 2153 3587 Sylvarum
2178 3499 2409 3581 libros,
2440 3516 2586 3566 xu.
2615 3500 2791 3567 The-

591 3607 861 3685 bifidos,
913 3622 986 3672 v,
1039 3603 1471 3671 Achilleidos.
1563 3604 1647 3668 In
1694 3602 2048 3669 Thebaida
2088 3610 2154 3669 et
2196 3601 2577 3669 Achilleida
2614 3622 2793 3669 com-

595 3715 931 3775 mentatus
997 3707 1325 3774 Placidus
1386 3706 1817 3787 Lactantius3
1886 3725 2088 3791 quem
2140 3724 2421 3771 necesse
2478 3712 2581 3772 est
2636 3710 2795 3792 post

600 3831 845 3876 annum
903 3811 1162 3876 vixisse
1221 3808 1951 3893 quadringentesimum
2005 3827 2161 3873 cum
2216 3806 2563 3873 Sedulium
2608 3808 2793 3885 citet,

599 3910 1064 3978 Theodosiani
1088 3910 1220 3975 aevi
1245 3910 1637 3993 scriptorem
1660 3930 1676 3974 :
1710 3911 1911 3975 immo
1932 3916 1999 3975 et
2017 3920 2175 3996 post
2195 3912 2797 3995 quingentesimum

603 4012 826 4092 fuerit,
874 4032 1029 4079 cum
1085 4010 1356 4077 Boethii
1411 4011 1801 4075 meminerit.
1904 4010 1993 4077 Et
2059 4032 2223 4078 voro
2282 4012 2796 4078 commentarius

603 4114 754 4200 ejus
781 4122 978 4181 cento
1009 4135 1099 4181 ex
1129 4111 1372 4192 Servii,
1397 4112 1669 4197 Hygeni
1694 4110 2195 4197 Mythologicis,
2210 4120 2295 4199 ,et
2322 4113 2798 4180 Astronomico

607 4208 878 4298 Arateo,
910 4223 982 4282 et
1007 4214 1417 4302 quibusdam
1447 4214 1624 4297 aliis,
1651 4234 1821 4302 quos
1850 4214 1940 4282 ad
1967 4216 2247 4285 verbum
2274 4217 2615 4285 exscribit.
2676 4215 2801 4282 Est
