3200 4913
538 376 670 444 196

1282 393 1346 439 P.
1393 391 1681 440 PAPlNll
1732 391 1987 440 STATH

537 533 690 598 Nec
718 531 968 596 mixtus
998 531 1264 596 Phariis
1292 532 1551 596 venalis
1581 531 1919 597 mercibus
1940 531 2186 610 insana,

536 635 1108 717 Compositosque
1131 634 1334 710 salet-3,
1357 633 1811 715 meditataque
1842 635 2044 697 verba
2068 635 2291 698 locutu
2300 653 2358 712 S,

536 735 866 816 Quaesisti
894 735 1190 800 lascivus
1216 735 1469 812 herum,
1498 734 1817 816 tardeque
1848 737 2139 817 parasti:

2644 737 2732 802 ¹75

534 837 720 902 Hinc
748 835 1008 913 domne,
1037 835 1189 899 binc
1219 841 1438 916 ortus3
1482 835 1865 920 dominique
1892 838 2245 919 penatibus
2275 837 2434 903 olim

530 1011 629 1059 tias
641 1013 845 1062 insertus
865 1013 1092 1066 mercibu
1105 1015 1368 1078 AEgyptiis,
1383 1020 1431 1065 et
1446 1015 1633 1065 edoctu
1650 1014 1924 1078 compositos
1942 1019 2082 1080 sales,
2098 1021 2147 1066 et
2166 1017 2395 1067 meditata
2414 1014 2574 1075 verba,
2596 1013 2735 1063 lasci·

530 1089 617 1124 vas
634 1078 846 1141 qmsisti
865 1079 1124 1143 doniam,
1155 1094 1210 1128 ae
1242 1094 1347 1128 sero
1382 1084 1548 1129 motus
1585 1093 1650 1128 es.
1717 1079 1852 1131 Hinc
1886 1082 2042 1145 orig-o,
2078 1081 2189 1130 kiae
2224 1083 2424 1143 namus,
2454 1086 2503 1130 et
2536 1085 2735 1142 uterquc

1428 1221 1731 1242 &mom
1736 1223 1794 1242 N

536 1311 602 1358 ⁷3
636 1310 752 1361 Non
788 1311 972 1362 mixtas
993 1311 1167 1361 Pmn.
1189 1312 1340 1362 Rom.
1363 1318 1419 1362 et
1438 1312 1631 1363 venet.
1654 1317 1705 1362 2.
1774 1313 1888 1362 Nex
1908 1313 2092 1362 mixtus
2116 1314 2235 1377 Blp.
2270 1327 2335 1362 ex
2369 1327 2545 1362 errore
2566 1313 2731 1377 'rypo-

1521 1455 1740 1507 No'rAE

528 1554 912 1614 cumageretur,
955 1556 1015 1601 ut
1057 1549 1198 1600 servi
1247 1565 1312 1600 ex
1356 1550 1590 1602 omnibns

524 1623 760 1688 partibus
776 1623 940 1674 videri
965 1632 1195 1688 possent.
1259 1626 1315 1676 si
1336 1640 1457 1676 vero
1480 1629 1589 1676 vul·

528 1700 670 1763 garis
711 1700 871 1750 lectio
889 1702 976 1750 τοῦ
1007 1701 1148 1750 turbu
1169 1703 1472 1763 retineatur,
1491 1703 1590 1754 hoc

525 1776 681 1826 inodo
705 1776 862 1826 etiarn
901 1777 1157 1842 explicari
1184 1784 1394 1842 potest:
1435 1779 1590 1828 Turbo

522 1861 721 1905 enema
743 1869 831 1905 seu
853 1855 1160 1920 Mangones,
1180 1871 1396 1921 quorum
1422 1863 1589 1908 catas-

525 1935 580 1978 ta
604 1935 706 1990 est,
729 1943 832 1980 non
855 1937 910 1980 te
928 1931 1344 1995 circumegerunt
1363 1938 1409 1981 et
1432 1945 1588 1982 ursu-

522 2010 657 2065 nant,
695 2013 754 2054 ut
791 2004 1015 2069 undique
1049 2009 1388 2071 exponeretis
1423 2008 1588 2058 oculis

525 2080 806 2128 astantium
861 2088 917 2129 et
966 2088 1240 2132 erutorum.
1308 2083 1590 2133 Bareas-toa

522 2152 757 2203 Tibullus
779 2153 916 2203 dixit
949 2154 1185 2204 barbarae
1223 2156 1315 2205 lib.
1345 2171 1409 2206 η.
1435 2157 1586 2222 Eleg.

523 2231 574 2278 8.
624 2229 641 2256 ⁴
667 2229 808 2278 Nota
829 2229 1030 2292 loquor,
1050 2243 1265 2294 reguum
1289 2231 1403 2296 ipae
1422 2240 1587 2296 tenet,

522 2315 675 2365 quem
699 2317 842 2366 saepe
863 2301 1040 2367 coegit
1072 2305 1304 2356 Barbara
1337 2317 1585 2372 gypsatos

522 2376 660 2427 ferre
675 2383 870 2428 catasta
888 2379 1088 2443 pedes.'
1125 2381 1426 2446 Bai-barim]
1447 2385 1585 2436 Quia

523 2452 660 2502 servi
683 2453 982 2519 plerumque
1019 2470 1083 2505 ex
1107 2455 1344 2507 barbaris
1367 2460 1582 2523 regioni·

523 2528 620 2578 bus
645 2528 860 2578 Romam
896 2529 1304 2582 advehebantur.
1370 2536 1457 2584 De
1494 2548 1579 2586 eo-

525 2602 644 2654 dem
669 2603 892 2655 Glaucia
905 2605 1162 2657 Martialis
1175 2607 1411 2658 similiter
1431 2610 1583 2673 Epig-

523 2696 680 2747 supra
704 2682 860 2732 allato
879 2698 896 2733 z
928 2684 944 2711 ‘
971 2684 1020 2734 N
1025 2698 1090 2735 on
1114 2682 1182 2733 de
1204 2686 1359 2749 plebe
1383 2687 1586 2751 domus,

521 2772 620 2808 nec
658 2773 829 2809 avarae
866 2774 1026 2811 verns
1059 2760 1314 2812 catasta-⁸
1369 2763 1587 2825 Legitur

522 2835 680 2883 etiarn
705 2835 842 2884 inter
864 2841 1120 2885 tormenta
1149 2837 1442 2900 Martyrum
1465 2838 1482 2865 ‘
1502 2851 1584 2886 ca-

521 2908 698 2971 tasta,’
718 2923 870 2975 quam
894 2910 960 2959 ab
988 2912 1209 2974 equuleo
1238 2910 1450 2961 differre
1473 2913 1586 2962 vult

523 2982 784 3034 Baronius
821 2986 1199 3050 Martyrologio
1232 3000 1327 3037 suo
1358 2992 1438 3039 17.
1461 2989 1585 3039 Kal.

521 3061 691 3123 April.
730 3060 821 3110 sed
861 3061 877 3090 ‘
897 3067 1147 3111 catastam
1163 3061 1180 3085 '
1219 3063 1387 3127 accipi
1429 3064 1584 3114 etiam

520 3149 617 3199 pro
640 3136 862 3199 equuleo
883 3135 1035 3186 docet
1070 3135 1386 3187 Prudentius
1409 3137 1461 3187 in
1484 3138 1580 3188 Co·

521 3212 682 3273 rouis,
722 3213 930 3275 Hymno
974 3216 1053 3261 1⁰.
1120 3213 1136 3240 ⁸
1163 3212 1365 3261 Emitte
1402 3226 1580 3263 vocem

519 3288 588 3337 de
613 3294 814 3338 catasta
835 3287 1062 3338 celsior)
1127 3286 1188 3337 Id
1214 3295 1312 3352 est,
1333 3288 1400 3338 de
1423 3302 1582 3353 equu-

519 3364 622 3414 leo.
689 3365 868 3426 Patet,
909 3364 1037 3413 illud
1092 3378 1159 3413 ex
1212 3366 1579 3430 sequentibus:

520 3442 537 3469 ⁸
563 3440 714 3493 Quod
739 3440 949 3491 retortis
981 3440 1200 3503 pendeo,
1221 3440 1484 3490 Exteutus
1505 3440 1581 3490 ul-

519 3513 648 3564 mis-⁸
715 3516 980 3564 Probatur
1002 3522 1056 3564 et
1080 3513 1131 3563 ld
1157 3514 1449 3565 narratione
1471 3516 1579 3565 wi-

521 3588 710 3639 tikindi
732 3589 949 3639 Saxonis
972 3590 1064 3640 lib.
1087 3604 1128 3640 1.
1155 3589 1430 3641 referentis
1459 3605 1580 3655 sup-

521 3665 734 3727 plicium
807 3663 1051 3728 martyris
1111 3664 1246 3715 Viti.
1310 3668 1325 3693 ⁸
1365 3664 1580 3715 Postre-

521 3738 643 3802 mo,'
666 3740 756 3802 ait,
768 3738 783 3765 ‘
799 3746 1058 3789 tormento
1076 3740 1214 3805 quod
1235 3746 1440 3791 catasta
1455 3740 1579 3790 dici-

522 3821 623 3876 tur,
657 3830 772 3865 cuin
794 3814 1057 3875 Modesto,
1078 3819 1136 3864 et
1171 3815 1389 3880 quadam
1422 3815 1580 3865 nobili

523 3887 734 3939 foernina
767 3890 1071 3941 crescentia
1101 3888 1297 3953 figitur,
1322 3897 1378 3940 et
1400 3887 1580 3940 fractis

521 3964 866 4016 membrorum
880 3966 1101 4015 omnium
1119 3966 1364 4029 motibus,
1385 3982 1418 4017 a
1435 3966 1580 4017 Chri-

525 4046 606 4089 sto
645 4041 979 4092 consolatur.’
1045 4042 1175 4091 Erat
1211 4044 1368 4093 etiam
1401 4048 1586 4094 catasta

523 4116 692 4165 lectus
729 4118 926 4180 igneus,
963 4118 1012 4167 in
1051 4132 1156 4183 quo
1193 4120 1349 4170 strati
1386 4126 1442 4169 et
1481 4120 1587 4169 usti

526 4198 802 4255 martyres,
818 4199 874 4242 ut
897 4192 1141 4245 discimus
1161 4208 1228 4244 ex
1243 4194 1426 4247 eodem
1452 4194 1585 4245 Pru-

1670 1551 1850 1602 dentio
1882 1553 1933 1602 in
1958 1553 2173 1604 Coronis
2195 1552 2405 1616 Hymno
2425 1557 2477 1603 2.
2542 1552 2733 1617 Itaque

1673 1634 1730 1676 et
1751 1625 1960 1690 Hymno
1985 1631 2034 1676 1.
2058 1627 2193 1677 dixit
2222 1630 2239 1657 ‘
2260 1634 2488 1677 catastas
2520 1627 2733 1691 igneas-⁸

1671 1699 1879 1765 ἐσχάρας
1914 1702 2089 1752 Graeci
2129 1702 2416 1767 appellant.
2482 1703 2556 1751 Ut
2596 1703 2730 1751 Her-

1671 1776 1797 1825 mias
1820 1777 2023 1827 Eccles.
2044 1777 2184 1826 Hist.
2210 1775 2301 1827 lib.
2324 1790 2379 1826 v.
2403 1791 2519 1841 cap.
2550 1782 2628 1828 11.

1734 1855 1798 1902 ⁷3
1834 1851 1939 1900 Nec
1960 1853 2141 1902 mixtus
2156 1853 2358 1902 Phariis
2372 1854 2551 1902 venalis
2566 1853 2732 1903 merei-

1671 1927 1755 1976 btts
1777 1925 1951 1991 insane,
1976 1929 2353 1993 compositosque
2378 1931 2516 1991 soles,
2536 1930 2732 1978 medita-

1672 2008 1810 2066 taque
1846 2005 1989 2054 verba
2025 2007 2227 2068 beatus,
2268 2005 2495 2060 Quaesisti
2528 2005 2731 2054 luscium

1670 2077 1855 2140 herum]
1888 2079 2075 2128 Similis
2112 2081 2255 2128 locus
2292 2081 2341 2128 in
2382 2079 2631 2143 Epicedio
2675 2081 2727 2129 in

1668 2149 1857 2202 filium:
1883 2153 1899 2182 ‘
1930 2153 2047 2203 Non
2091 2169 2188 2217 ego
2232 2161 2487 2205 mercatus
2532 2155 2725 2204 Pharia

1670 2227 1735 2277 de
1758 2243 1937 2292 puppe
1958 2231 2195 2294 loquaces
2218 2230 2467 2291 Delicias,
2489 2230 2726 2281 doctum·

1668 2321 1765 2370 que
1798 2307 1877 2357 sui
1915 2309 2151 2359 convicia
2188 2308 2297 2358 Nili
2330 2307 2612 2372 Infantem,
2630 2310 2729 2360 lin.-

1666 2394 1867 2446 guaque
1905 2384 2055 2433 simul
2094 2385 2392 2450 salibusque
2429 2391 2729 2448 protervum

1665 2456 1878 2507 Dilexl.’
1950 2459 2018 2509 Et
2049 2466 2213 2509 totum
2253 2462 2350 2510 boc
2387 2462 2601 2523 pulchre
2634 2476 2725 2511 ex·

1664 2532 1828 2595 plicat
1848 2534 2047 2584 Seneca
2071 2536 2137 2584 tle
2151 2535 2552 2599 Tranquillitate
2576 2536 2727 2586 vite:

1666 2610 1681 2635 ⁸
1707 2607 1907 2657 Pueros
1952 2608 2158 2672 quidam
2203 2611 2256 2658 in
2292 2610 2389 2659 hoc
2428 2618 2729 2661 mercantur

1667 2696 1937 2746 procaces,
1959 2690 2015 2734 et
2041 2698 2217 2734 eorum
2253 2684 2477 2747 linguam
2515 2694 2729 2750 acuunt,

1666 2767 1721 2809 et
1756 2761 1854 2810 snb
1882 2762 2127 2824 magistro
2164 2761 2373 2819 babent,
2409 2761 2498 2827 qui
2534 2762 2727 2825 probra

1662 2834 1911 2885 meditate
1955 2834 2242 2899 effundant,
2282 2851 2381 2887 nec
2420 2838 2508 2887 lias
2550 2844 2729 2887 eontu-

1666 2910 1843 2961 melias
1869 2925 2123 2974 vocamus,
2138 2911 2227 2961 sed
2250 2910 2512 2977 argutias?
2565 2912 2727 2961 Pueri

1666 2995 1839 3037 autem
1863 2988 1949 3036 isti
1970 2987 2243 3037 veniebant
2259 3002 2325 3036 ex
2342 2988 2569 3049 AEgypto
2590 3002 2724 3049 prae·

1665 3061 1819 3126 cipue
1851 3077 1967 3111 cum
2004 3062 2116 3110 aliis
2150 3062 2430 3122 mercibus,
2450 3062 2569 3111 binc
2594 3061 2749 3119 Plan

1664 3137 1770 3198 riis,
1792 3137 1844 3186 id
1867 3144 1969 3199 est,
1994 3138 2267 3201 AEgyptiis,
2286 3152 2317 3187 a
2341 3138 2515 3187 Pharo
2552 3138 2726 3189 insula

1665 3212 1921 3275 quondam
1960 3228 2122 3277 prope
2167 3214 2549 3275 Alexandriam,
2585 3228 2724 3265 nunc

1665 3294 1818 3337 terrae
1864 3288 2068 3351 juncta.
2135 3289 2429 3340 Veniebant
2481 3292 2638 3339 etiam
2692 3304 2724 3340 e

1662 3362 1813 3426 Syria
1834 3370 1889 3413 et
1926 3364 2256 3415 Mauritania.
2320 3364 2593 3415 Suetonius
2614 3364 2723 3419 Au-

1664 3446 1845 3503 gusto:
1880 3444 1894 3470 ⁸
1918 3442 2155 3493 Nucibus
2170 3441 2382 3491 ludebat
2404 3455 2519 3490 cum
2544 3442 2721 3504 pueris

1664 3516 1891 3578 minutis,
1934 3532 2063 3582 quos
2113 3515 2249 3565 faeie
2301 3521 2358 3564 et
2418 3516 2720 3579 garrulitate

1662 3592 1911 3641 amabiles
1926 3588 2277 3655 conquirebat,
2287 3590 2552 3653 precipue
2570 3590 2722 3640 Mau-

1663 3679 1745 3714 ros
1765 3672 1821 3714 et
1839 3664 2032 3729 Syron?
2084 3664 2225 3715 Istos
2240 3666 2411 3715 Latini
2436 3667 2452 3694 ‘
2470 3665 2686 3716 delicias
2704 3666 2720 3691 ⁹

1664 3740 1939 3803 vocabant,
1960 3754 2061 3790 non
2083 3740 2326 3790 obscoeno
2344 3755 2515 3793 sensu.
2559 3741 2721 3793 Sanc-

1664 3824 1747 3864 tus
1784 3814 2127 3880 Hieronymus
2163 3816 2323 3867 vertit
2360 3818 2492 3867 Ieled
2529 3817 2723 3867 chacho-

1661 3890 1758 3939 vim
1812 3904 1927 3955 cap.
1986 3896 2067 3941 sl.
2134 3892 2375 3945 Jeremiae
2434 3891 2719 3955 Propheta

1658 3980 1854 4029 pueram
1872 3968 2141 4018 delicatam.
2207 3968 2425 4031 Grecis,
2446 3968 2625 4018 παιδίον
2647 3968 2720 4018 ἐν·

1661 4044 1863 4105 τρυφῶν.
1950 4043 2272 4108 Videturque
2328 4044 2596 4107 Propheta
2650 4042 2717 4093 ad

1664 4118 1953 4181 hujusmodi
1978 4120 2191 4169 delicias
2212 4120 2460 4170 alludere.

1728 4194 1794 4243 76
1828 4192 1960 4244 Hine
1979 4195 2159 4259 domas,
2188 4195 2299 4245 ltine
2332 4192 2489 4259 orm]
2521 4192 2584 4245 Id
2618 4201 2723 4259 est,
