3200 4913
1335 429 1750 480 vaurum.
2589 416 2635 480 9

442 581 510 639 et
539 573 712 640 alios
733 573 878 638 sine
897 591 1166 638 numero
1181 572 1374 638 locos
1401 574 1490 638 in·
1504 572 1851 656 utriusque
1880 572 2138 654 generis
2158 571 2633 658 scriptoribus;

439 671 518 741 ‘et
543 675 724 760 qnod
752 675 1030 759 propius
1061 681 1190 752 est,
1237 675 1516 740 Servius
1562 676 1823 743 videtur
1861 693 1983 757 pro
2010 675 2201 740 varia
2228 676 2505 740 lectione
2530 674 2636 738 in·

439 777 710 842 venisse
758 779 780 811 ‘
805 775 1032 840 munia
1053 775 1095 857 ς’
1137 776 1312 841 inter
1357 796 1562 860 quam
1588 796 1835 843 vocem
1867 781 1933 841 et
1976 781 1997 811 ‘
2027 777 2306 854 limina,'
2334 777 2637 841 detracta

441 879 636 944 litera
661 875 712 957 I,
757 883 994 961 utpote
1033 877 1231 942 initio
1271 895 1536 956 versus,
1587 880 1825 962 parum
1856 885 1961 943 est
1986 877 2419 957 differentiae;
2480 895 2635 942 cum

443 979 689 1045 duetus
739 977 986 1044 calami
1032 979 1170 1044 fere
1213 977 1416 1043 iidem
1463 980 1605 1044 sint
1653 980 1721 1042 in
1754 983 1776 1015 ‘
1804 977 2067 1042 mnuia'
2096 985 2171 1043 et
2196 983 2217 1014 ‘
2249 979 2457 1042 imina
2482 977 2523 1043 τ’
2568 982 2637 1040 et

441 1080 566 1144 has
595 1099 804 1145 voees
855 1083 880 1114 ‘
901 1099 1174 1145 munera
1198 1078 1217 1106 ’
1265 1086 1335 1145 et
1381 1083 1402 1117 ‘
1423 1080 1697 1148 limina’
1746 1081 1909 1146 alibi
1960 1084 2403 1144 commutatas
2444 1097 2633 1160 saepe

445 1182 825 1248 observavi.
913 1180 1100 1248 Nam
1139 1181 1384 1265 Georg.
1419 1199 1520 1245 lv.
1547 1183 1701 1246 520.
1732 1201 1857 1265 pro
1900 1184 1925 1215 ‘
1942 1179 2237 1245 munere’
2284 1178 2635 1261 legendum

443 1301 596 1347 esse
623 1285 646 1318 ‘
667 1281 974 1362 nomine,³
1003 1291 1198 1350 extra
1241 1301 1502 1348 omnem
1549 1281 2078 1348 controversiam
2119 1281 2415 1364 positum
2444 1285 2637 1362 puto,

443 1391 604 1466 post
630 1403 712 1448 ea
737 1403 896 1467 quae
923 1383 1069 1449 dixi
1100 1383 1187 1450 ad
1217 1383 1402 1468 Sylv.
1438 1401 1546 1448 ιιι.
1574 1385 1646 1451 3.
1666 1383 1773 1449 87.
1841 1382 1957 1447 Sic
1980 1381 2287 1446 ‘limina’
2318 1385 2385 1445 et
2414 1384 2436 1416 ⁸
2468 1400 2635 1446 moe-

443 1483 592 1549 nia’
635 1488 1122 1550 commutantur
1148 1485 1220 1550 in
1244 1484 1416 1550 Mss.
1449 1485 1629 1571 apud
1655 1483 1859 1549 Ovid.
1892 1483 2061 1548 Met.
2093 1499 2190 1548 vl.
2211 1483 2360 1548 600.
2383 1488 2450 1548 et
2470 1497 2639 1546 xlv.

442 1573 596 1651 456.
617 1586 949 1652 ‘lumina'
975 1591 1042 1651 et
1069 1587 1446 1670 ‘tempora’
1478 1586 1675 1654 Ibide
1693 1587 1805 1652 32.
1823 1589 1843 1620 ‘
1864 1591 2137 1669 pectore
2158 1583 2175 1610 ’
2203 1591 2269 1649 et
2299 1584 2598 1650 ‘lumine
2620 1580 2641 1611 ’

446 1684 712 1750 Seneca
741 1683 952 1751 Hero.
999 1685 1156 1752 Fur.
1195 1689 1347 1754 219.
1391 1691 1412 1721 ‘
1442 1686 1784 1772 tempora’
1828 1692 1902 1751 et
1953 1691 1975 1723 ‘
2004 1687 2259 1750 moenia
2278 1689 2295 1714 ’
2344 1685 2634 1752 Horatio

446 1781 598 1850 Art.
629 1783 830 1850 Poet.
863 1787 1011 1850 140.
1054 1789 1076 1821 ‘
1102 1789 1424 1869 sanguine
1443 1786 1462 1816 ’
1489 1793 1558 1854 et
1602 1793 1623 1822 ‘
1641 1789 1870 1853 littore
1888 1786 1907 1812 ⁹
1956 1787 2077 1850 Sil.
2108 1785 2353 1852 Italico
2386 1803 2454 1849 v.
2482 1785 2637 1852 273.

449 1883 636 1950 Idem
669 1903 749 1950 x.
777 1887 926 1952 133.
956 1888 1044 1952 de
1073 1887 1436 1967 Annibale,

616 2009 714 2075 Ni
741 2011 926 2076 letho
957 2010 1067 2076 det
1093 2007 1344 2077 cuncta
1373 2011 1617 2088 virum,
1640 2011 2011 2095 jungatque
2044 2014 2307 2096 parenti

612 2110 937 2196 Corpora,
965 2119 1032 2178 et
1058 2110 1335 2178 excidat
1359 2113 1647 2178 miseros
1676 2131 1827 2177 cum
1862 2113 2074 2197 stirpe
2103 2121 2373 2197 penates
2402 2135 2419 2178 ε

445 2241 542 2302 lta
567 2235 636 2301 in
665 2237 1004 2315 omnibus,
1035 2235 1295 2320 opinor,
1338 2237 1620 2322 legitur:
1688 2257 1923 2303 sensus
1969 2259 2121 2304 vero
2174 2244 2243 2303 et
2293 2240 2637 2323 oppositio

447 2337 642 2421 plane
667 2337 1036 2421 postulant,
1086 2341 1108 2373 ⁶
1129 2336 1499 2424 jungatque
1527 2340 1795 2422 parenti
1839 2341 2146 2423 pignora,
2148 2337 2165 2365 ⁹
2204 2340 2275 2406 id
2306 2349 2439 2422 est,
2468 2343 2491 2376 ‘
2518 2362 2639 2407 na-

449 2449 577 2503 tos.
580 2437 600 2465 ⁹
686 2438 1080 2525 Propertius
1114 2455 1216 2505 ιν.
1242 2441 1308 2505 4.
1338 2440 1421 2505 de
1448 2439 1781 2527 Tarpeia.

616 2558 840 2637 Dixit,
869 2564 940 2623 et
969 2558 1222 2623 incerto
1253 2558 1552 2643 permisit
1576 2558 1852 2637 brachia
1881 2578 2161 2624 somno:

447 2632 546 2739 ita
571 2674 774 2758 vulgo
801 2675 1059 2757 legitur.
1147 2675 1282 2739 Sed
1335 2693 1420 2739 an
1462 2674 1715 2758 aliquis
1764 2694 2061 2757 unquam
2104 2674 2436 2739 intellexit
2478 2673 2639 2758 quid

446 2775 580 2841 sit‘
609 2776 994 2859 permittere
1022 2776 1300 2841 brachia
1326 2794 1562 2841 somno
1557 2773 1634 2840 ’Υ
1680 2780 1860 2841 certe
1886 2774 2242 2858 legendum
2265 2773 2427 2839 vel‘
2444 2773 2640 2837 lumi-

446 2876 576 2957 na,’
618 2878 748 2954 vel,
796 2876 983 2960 qnod
1038 2878 1324 2962 propius
1371 2882 1504 2955 est,
1553 2876 1923 2959 ‘·pectora’
1884 2924 1903 2959 ,
1982 2883 2060 2944 ut
2101 2875 2282 2959 apud
2315 2874 2639 2940 Nostrum

447 2978 635 3063 Sylv.
689 2994 807 3042 ιιι.
853 2977 918 3042 2.
993 2982 1018 3013 ‘
1045 2998 1224 3062 qnos
1269 2995 1446 3043 nune
1501 2998 1628 3061 ego
1686 2986 1957 3063 pectore
2004 2996 2301 3053 somnos,
2354 2975 2637 3055 Quosve

447 3096 688 3159 queam
713 3066 1003 3163 perferre
1032 3078 1254 3146 dies'I'
1309 3080 1418 3147 Ita
1443 3080 1629 3163 apud
1660 3079 1988 3147 Rutilium
2016 3078 2494 3145 Namatianum
2521 3076 2640 3143 Iti-

445 3198 656 3245 nerar.
685 3198 734 3245 ι.
761 3181 917 3247 229.

618 3312 952 3379 Praesidet
977 3315 1206 3397 exigui
1233 3314 1557 3380 formatus
1583 3314 1873 3397 imagine
1902 3316 2057 3380 saxi

704 3413 848 3493 Qui
875 3415 1206 3499 pastorali
1233 3416 1502 3481 nomina
1528 3415 1742 3481 fronte
1772 3416 1967 3501 gerit:

445 3548 740 3631 loquitur
791 3547 878 3612 de
925 3545 1166 3615 Castro
1215 3546 1394 3625 Inui,
1437 3547 1697 3632 oppido
1748 3548 1820 3610 in
1866 3547 2118 3629 Italia3
2182 3555 2372 3639 quus
2402 3558 2643 3641 oppidi

447 3646 734 3733 praestes
764 3657 912 3714 erat
941 3646 1182 3727 Inuus,
1211 3648 1388 3714 idem
1430 3650 1552 3733 qui
1578 3647 1728 3714 Pan
1748 3667 1765 3714 ε
1785 3646 1931 3731 jam
1959 3668 2115 3713 vero
2137 3654 2301 3736 quid
2326 3656 2430 3723 est
2478 3665 2499 3696 ‘
2529 3679 2643 3743 ge·

447 3770 588 3815 rere
616 3750 891 3817 nomina
923 3750 1261 3834 pastorali
1277 3751 1486 3815 fronte
1502 3748 1556 3814 't’
1600 3750 1820 3835 Lege:

875 3866 1014 3949 Qui
1039 3870 1362 3952 pastorali
1391 3888 1641 3935 cornua
1664 3868 1883 3935 fronte
1913 3868 2123 3951 gerit:

447 3962 546 4057 ita
571 3992 750 4058 enim
776 3992 1142 4076 fingebatur
1171 3993 1323 4059 Pan
1346 3995 1454 4060 vel
1487 3994 1745 4059 Inuus:
1794 3992 2185 4060 Macrobius
2216 3998 2551 4071 Saturnal.
2582 4025 2637 4074 1.

443 4093 552 4160 22.
638 4098 660 4130 ‘
689 4094 865 4177 Ergo
901 4094 1055 4160 Inui
1085 4114 1336 4160 cornua
1375 4097 1749 4178 barbaeque
1792 4094 2062 4179 prolixa
2091 4095 2413 4168 demissio
2443 4113 2638 4175 natu-

448 4212 590 4261 ram
640 4195 820 4271 lucis
879 4196 1274 4276 ostendunt:
1327 4199 1446 4265 &a
1539 4196 1811 4263 Nemini
1869 4196 2151 4265 dubium
2210 4220 2359 4270 esse
2414 4215 2641 4289 potest
