3200 4913
879 745 999 832 P.
1099 743 1275 834 PA
1288 745 1634 834 PINII
1737 744 2173 838 STATII

1193 1013 1865 1149 VITA,

643 1327 800 1398 Ex
889 1329 1171 1397 LILII
1258 1331 1822 1444 GREGoRn
1913 1313 2430 1400 GYRALm

793 1553 900 1605 DE
941 1553 1238 1606 LATINIS
1280 1555 1540 1608 Pon'rls
1580 1555 1918 1610 DIALOGO
1966 1555 2285 1610 QUAR'ro.

447 1975 670 2067 Posv
719 2005 1016 2070 Bassum
1061 2006 1468 2090 sequebatur
1509 2004 1595 2067 P.
1638 2003 1965 2087 Papinius
2008 2005 2289 2084 StatiuS,
2330 2006 2527 2091 cujus
2556 2005 2645 2072 de

445 2106 672 2184 patria
699 2105 871 2172 inter
901 2107 1396 2173 Grammaticos
1433 2107 1893 2172 controversia
1934 2106 2087 2184 fuit,
2126 2127 2347 2191 usque
2386 2109 2473 2173 ad
2505 2109 2647 2174 Do-

445 2203 620 2268 mitii
648 2213 970 2292 tempora,
1001 2206 1309 2285 Domitii,
1337 2207 1637 2291 inquam,
1681 2207 1769 2272 de
1794 2227 1865 2273 re
1890 2209 2185 2274 literaria
2212 2210 2383 2274 bene
2410 2209 2650 2288 meriti,

449 2307 662 2388 quisi
691 2329 826 2374 non
850 2311 982 2376 sibi
1009 2317 1079 2375 et
1105 2312 1448 2376 memoriae
1479 2317 1741 2376 tantum
1784 2310 2199 2390 indulsisset,
2230 2311 2442 2378 multa
2468 2319 2650 2378 certe

452 2409 938 2477 obtrectatores
985 2413 1058 2478 in
1101 2411 1250 2497 ejus
1295 2410 1572 2496 scriptis
1598 2412 1870 2492 frustra,
1900 2431 2057 2499 quae
2080 2413 2651 2497 reprehenderent,

377 2566 388 2572 -
449 2512 962 2595 perquisissem:-
1049 2515 1185 2581 Sed
1215 2516 1300 2580 de
1331 2514 1636 2581 Domitio
1678 2515 1877 2596 alias,
1908 2518 2122 2601 inquit
2148 2518 2339 2595 Piso,
2370 2536 2549 2582 nunc
2570 2515 2655 2582 de

453 2611 702 2694 Statio,
757 2619 900 2702 qui,
955 2619 1044 2683 ab
1105 2618 1448 2703 aliquibus
1493 2618 1895 2699 Tolosanus,
1943 2620 2031 2684 ab
2077 2619 2233 2684 aliis
2278 2636 2369 2682 ex
2422 2620 2653 2697 Senis,

455 2713 644 2799 Epiri
688 2720 976 2804 oppido,
1029 2722 1116 2785 ab
1161 2721 1316 2786 aliis
1362 2720 1863 2807 Neapolitanus
1910 2721 2169 2785 dicitur.
2254 2721 2447 2786 Tunc
2500 2738 2654 2801 ego,

433 2817 836 2904 ⁸Postquam
875 2842 984 2887 me
1024 2840 1385 2908 provocas,
1432 2829 1500 2886 et
1543 2822 1753 2887 Picus
1794 2828 2049 2887 attente
2091 2827 2160 2886 et
2178 2820 2481 2887 libenter
2508 2822 2655 2887 haec

457 2920 694 2989 audire
721 2924 1008 3006 videtur,
1036 2944 1316 2993 causam
1345 2924 1540 2991 vobis
1571 2944 1928 3010 exponam,
1962 2940 2087 2990 cur
2124 2925 2346 2991 Statio
2386 2924 2660 2991 diversa

457 3029 794 3091 statuatur
841 3028 1074 3110 patria.
1164 3026 1390 3111 Atque
1433 3032 1511 3092 ut
1549 3048 1687 3092 rem
1722 3029 1969 3093 clarius
2000 3028 2420 3112 percipiatis,
2449 3028 2661 3114 patris

459 3131 527 3189 et
578 3126 698 3191 filii
753 3130 927 3194 vitas
989 3130 1187 3196 vobis
1237 3131 1480 3214 paucis
1537 3131 1871 3210 recitabo,
1908 3148 2099 3215 quas
2140 3150 2292 3195 cum
2341 3130 2482 3210 alii,
2524 3137 2663 3195 tum

464 3227 883 3313 Pomponius
930 3232 1188 3312 Laetus,
1233 3240 1306 3299 et
1334 3233 1705 3298 Literarum
1735 3240 1807 3298 et
1835 3232 2305 3317 Antiquitatis,
2334 3239 2411 3297 ut
2440 3216 2661 3311 scitis,

463 3331 632 3397 bene
661 3334 930 3415 peritus,
977 3334 1240 3419 pridem
1270 3336 1568 3420 Gaspari
1599 3335 1850 3402 Blondi
1877 3335 2021 3401 filio
2051 3334 2480 3419 conscripsit}
2518 3336 2667 3419 qui·-

465 3433 754 3499 busdam
785 3454 828 3499 a
854 3454 961 3501 me
979 3456 1106 3520 pro
1127 3443 1436 3522 tempore
1461 3438 1734 3503 additis.
1769 3488 1777 3495 .
1824 3440 1944 3503 Sic
1962 3456 2162 3527 agas,
2192 3436 2407 3519 inquit
2431 3436 2669 3514 Picus,

465 3536 774 3602 etz-simul
817 3538 1124 3613 obticuit,
1212 3539 1498 3605 Publius
1545 3541 1769 3622 igitur,
1831 3541 2102 3623 inquam
2146 3558 2297 3623 ego,
2337 3536 2669 3621 Papinius

469 3638 733 3705 Statiu's
765 3648 982 3724 pater,
1024 3642 1272 3707 Graeca
1299 3648 1367 3707 et
1394 3642 1643 3707 Latina
1683 3641 1919 3724 lingua
1948 3640 2278 3717 eruditus,
2316 3639 2403 3703 ad
2441 3638 2669 3704 novis·

469 3742 726 3808 simum·
763 3762 978 3826 usque
1005 3744 1205 3810 'diem
1262 3744 1611 3829 professus
1668 3742 1794 3824 est,
1854 3762 2122 3809 summo
2177 3740 2435 3805 honore
2489 3740 2671 3824 apud

472 3843 936 3925 Domitianum
967 3845 1266 3926 habitus,
1293 3868 1336 3912 a
1365 3868 1500 3932 quo
1530 3850 1735 3913 etiam
1762 3852 1872 3913 est
1899 3862 2067 3911 auro
2110 3844 2406 3909 donatus
2446 3850 2515 3909 et
2553 3864 2671 3909 co-

471 3965 660 4029 rona,
701 3945 904 4031 digno
953 3948 1256 4033 principe
1299 3968 1461 4033 erga
1507 3954 1993 4033 praeceptorem
2030 3964 2317 4011 munere.
2404 3944 2671 4012 Primus

473 4068 686 4133 genus
743 4068 960 4130 suum,
1008 4057 1280 4137 propter
1329 4052 1629 4137 inopiam
1683 4056 1751 4115 et
1812 4053 2171 4133 egestatem
2224 4048 2672 4128 obliteratum,

477 4152 864 4229 celebritate
889 4153 1194 4218 ‚nominis
1211 4154 1216 4161 ’
1236 4154 1498 4221 celebre
1525 4155 1709 4233 fecit,
1740 4152 2046 4237 adeoque
2072 4144 2339 4230 claruit,
2361 4158 2462 4231 ut,
2493 4150 2673 4234 quod

479 4252 804 4336 Homero,
829 4256 894 4321 ei
924 4254 1311 4339 contigerit3
1343 4256 1499 4323 duae
1533 4258 1707 4323 enim
1734 4250 1957 4335 urbcs;
1984 4254 2191 4321 Sellae
2222 4251 2673 4339 Epirotarum,
