3200 4913
1098 399 1519 449 srnvsmm
1575 400 1715 452 ms.
1752 403 1829 450 ιι.
1868 387 1933 451 2.

406 551 756 618 Phidiacae
783 566 1004 614 rasere
1024 565 1304 612 manus:
1349 545 1535 630 quod
1563 548 1655 612 ab
1684 552 1827 612 arte
1858 547 2186 632 Myronis,

406 651 553 718 Aut
580 650 993 736 Polycletoeo
1015 651 1280 732 jussum
1311 654 1414 714 est
1441 649 1620 732 quod
1653 651 1874 716 vivere
1902 649 2099 728 cae'lo,
2186 665 2193 674 ·

407 755 707 838 AEraque
732 755 819 818 ab
846 751 1234 818 Isthmiacis
1258 770 1422 816 auto
1452 752 1722 836 potiora
1750 752 2047 832 favillis;

410 854 552 922 Ora
581 856 852 931 ducum,
882 860 950 918 et
976 861 1229 932 vatum,
1260 854 1775 938 sapientumque
1800 875 1917 920 ora
1944 853 2264 936 priorum,

411 954 600 1035 Quos
628 958 756 1021 tibi
788 975 951 1022 cura
977 957 1193 1040 sequi,
1221 975 1399 1039 quos
1429 963 1574 1022 toto
1597 965 1871 1041 pectore
1900 956 2103 1022 sentis
2168 973 2171 978 ·

2516 957 2605 1024 70

409 1057 670 1143 Expers
696 1060 1064 1137 turbarum,
1091 1063 1295 1142 atque
1325 1060 1619 1125 animum
1652 1061 1891 1127 virtute
1921 1061 2153 1142 quieta

405 1247 584 1306 seruit,
610 1241 734 1291 Piso
751 1243 956 1292 nondam
975 1241 1172 1292 habente
1190 1241 1491 1292 damnumst
1507 1243 1666 1304 Jovis,
1686 1242 1839 1306 ipsius
1864 1243 2057 1294 Phidia
2088 1259 2230 1308 opus.-
2272 1251 2395 1311 quod
2412 1244 2605 1306 jussum

407 1312 478 1382 91
497 1307 651 1356 uiuere
675 1307 892 1370 Myronis
910 1312 1032 1367 orte,
1051 1311 1135 1356 sut
1167 1308 1278 1356 coelo
1309 1307 1563 1370 Polycleti,
1590 1321 1779 1369 mque
1812 1308 2066 1358 Corinthio
2098 1325 2215 1359 muro

2246 1311 2524 1373 pretiosiora
2542 1324 2605 1358 ex

404 1372 620 1420 metudio
641 1371 879 1430 Corinthi,
895 1385 953 1418 oo
969 1371 1199 1432 imagine·
1220 1371 1387 1420 ducum
1405 1377 1454 1420 et
1474 1371 1757 1433 Po'e‘tarum,
1776 1376 1917 1434 atquo
1948 1373 2131 1438 effigies
2155 1375 2417 1436 priscorum
2440 1374 2605 1423 Philo-

403 1435 668 1498 sophorum,
689 1450 804 1499 quos
824 1435 916 1484 tibi
943 1435 1153 1484 stadum
1187 1439 1256 1484 est
1293 1434 1496 1497 imitari,
1515 1449 1718 1500 quosque
1730 1435 1923 1488 inbias
1942 1441 2040 1486 toto
2060 1437 2233 1500 mimo,
2258 1454 2433 1490 umus
2450 1437 2609 1488 solici-

1332 1575 1693 1598 OOONOmOOO

411 1673 574 1730 ruoilo,
606 1680 668 1725 ut
689 1679 705 1702 ‘
722 1672 876 1723 fama
897 1673 1147 1725 obscura'
1171 1674 1388 1738 Epiced.
1409 1677 1559 1727 Patr.
1585 1692 1659 1726 vs.
1679 1677 1807 1728 109!
1838 1679 2150 1730 Morka—⁷1
2191 1679 2379 1742 Expers
2394 1693 2609 1728 curin-sm

413 1737 602 1788 Venet.
626 1743 670 1788 1.
691 1739 859 1787 Parm.
883 1741 1030 1788 Rom.
1053 1738 1208 1789 Aldd.
1233 1741 1399 1792 Colin.
1437 1741 1639 1806 Gryph.
1680 1744 1775 1792 &c.
1842 1744 1858 1771 ‘
1878 1743 2087 1806 Hospes
2124 1750 2209 1793 est
2246 1745 2297 1792 in
2338 1745 2609 1807 poetarum

412 1801 657 1867 lectione,
695 1805 780 1868 qui
807 1817 907 1852 nou
930 1803 1092 1854 sentit
1113 1819 1265 1869 quam
1289 1806 1514 1856 insuavis
1538 1807 1608 1856 sit
1630 1807 1740 1856 iiaec
1778 1807 2025 1871 repetitio
2059 1822 2177 1858 oum
2212 1815 2271 1857 et
2305 1823 2523 1858 curarum
2557 1809 2609 1860 in

1406 1917 1454 1967 N
1462 1916 1621 1968 0¹1¹AE

419 2011 592 2062 Cumis
623 2010 888 2062 destinet.’
949 2011 1050 2061 Vei
1087 2009 1210 2077 quia
1247 2011 1472 2062 noudum

417 2086 494 2137 ibi
534 2089 753 2152 positum
793 2102 823 2137 a
857 2087 1046 2138 Phidia
1083 2085 1233 2138 Jovis
1269 2088 1477 2137 simula-

421 2178 584 2214 crum.

480 2243 548 2288 66
580 2240 828 2290 Phidiaca»
854 2239 1040 2302 monn]
1089 2239 1302 2289 Phidias
1345 2240 1478 2290 cele·

425 2313 530 2364 bris
569 2316 802 2376 sculptor
826 2314 1180 2365 Atheniensis.-
1240 2315 1376 2364 Vide
1413 2317 1479 2364 E-

422 2404 578 2453 quum
619 2389 902 2440 Domitiani
946 2406 1020 2441 vs.
1056 2395 1171 2441 102.
1235 2392 1478 2456 Myronis]

424 2465 563 2516 Vide
589 2465 760 2515 villam
783 2466 1110 2517 Tiburtinam
1134 2483 1208 2518 vs.
1229 2471 1311 2518 49.

484 2547 550 2593 07
581 2541 889 2606 Polycleteo]
944 2540 1248 2608 Polycletus
1294 2543 1480 2595 nobilis

419 2618 1003 2682 statuarius,diligeutia
1025 2633 1086 2668 ac
1109 2618 1300 2669 decore
1322 2633 1482 2683 supra

423 2700 648 2755 ceteros,
673 2701 730 2743 ut
755 2692 924 2757 inquit
946 2693 1312 2745 Quintilianus.
1346 2692 1480 2744 Nam

424 2782 490 2819 ex
514 2784 619 2819 aere
640 2769 786 2833 signa
815 2767 946 2818 fecit
967 2766 1240 2819 nobilitata
1263 2770 1480 2833 scripto-

425 2859 538 2895 rum
579 2846 857 2909 praecouio.
920 2842 1072 2895 Fecit
1095 2843 1480 2909 Astragalizon-

426 2928 525 2971 tes.
590 2920 710 2971 Fuit
730 2920 1002 2984 Sicyonius
1024 2927 1080 2970 et
1105 2918 1352 2984 Ageladis
1379 2920 1481 2969 dis·

425 3000 645 3064 cipulus.
724 2998 878 3051 Fecit
901 3008 957 3049 et
990 3014 1141 3064 quem
1170 3014 1371 3049 canona
1402 3014 1482 3048 ar·

427 3074 596 3125 tifices
621 3084 830 3137 vocent,
845 3076 1161 3125 lineamenta
1183 3076 1309 3124 artis
1332 3089 1397 3125 ex
1421 3089 1484 3125 eo

425 3159 684 3217 petentes,
722 3154 863 3201 velut
901 3167 930 3201 a
967 3153 1085 3215 lege
1117 3152 1366 3217 quadam:
1401 3165 1484 3201 so-

425 3228 608 3291 lusque
653 3227 911 3275 hominum
950 3234 1114 3277 artem
1152 3228 1264 3291 ipse
1298 3226 1482 3277 fecisse

426 3304 556 3353 artis
578 3315 736 3366 opere
764 3301 1052 3365 judicatur.
1117 3304 1222 3352 Hie
1259 3317 1487 3353 cousum-

427 3391 602 3428 masse
637 3378 765 3426 hanc
806 3376 1074 3425 scientiam
1101 3376 1394 3440 judicatur,
1431 3384 1488 3427 et

427 3452 738 3505 toreuticem
776 3451 854 3501 sic
892 3451 1142 3514 erudisse,
1181 3458 1241 3500 ut
1273 3451 1490 3501 Phidias

431 3530 715 3595 aperuisse.
798 3528 1075 3591 Proprium
1127 3525 1383 3590 ejusdem,
1431 3534 1490 3577 ut

430 3621 536 3657 uuo
557 3620 708 3658 crure
741 3603 1044 3654 insisterent
1080 3603 1246 3668 sigua,
1281 3602 1488 3666 excogi-

435 3690 594 3733 tasse.
685 3681 822 3733 Vide
879 3682 1104 3732 Plinium
1149 3683 1240 3735 lib.
1284 3696 1488 3735 xxxiv.

432 3774 550 3823 cap.
569 3763 617 3809 8.
649 3758 906 3808 AElianum
929 3758 1108 3809 Variae
1129 3760 1377 3810 Historiae
1395 3759 1488 3811 lib.

436 3850 553 3888 xm.
576 3851 694 3899 cap.
715 3839 765 3885 8.

499 3916 566 3961 68
597 3914 808 3977 AEroqus
829 3910 889 3960 ab
910 3911 1184 3962 Iultusiocis
1203 3928 1318 3963 auro
1339 3914 1490 3977 potio·

434 3986 714 4052 refovistis]
747 3986 1004 4050 iutelligit
1037 4001 1108 4037 ωε
1149 3988 1491 4052 Corinthium,

438 4066 562 4129 quia
593 4062 886 4114 incendium
911 4063 1164 4127 Corinthi,
1196 4080 1314 4115 cum
1335 4072 1490 4130 capte

439 4155 502 4190 sc
525 4140 700 4191 deleta
719 4147 802 4191 est
814 4156 847 4190 s
859 4140 1109 4192 Mummio
1128 4141 1356 4194 Achaico
1369 4157 1490 4193 con·

439 4214 572 4273 sule,
593 4216 1014 4271 aes,Corint.hium
1051 4218 1310 4272 conflavit.
1374 4220 1491 4269 Flo·

571 4295 748 4360 Delph.
764 4303 813 4347 et
840 4296 952 4349 Ver.
973 4298 1104 4349 ctas.

1555 2026 1643 2062 rus
1666 2013 1752 2064 lib.
1776 2026 1842 2064 n.
1865 2028 1983 2078 cap.
2003 2019 2082 2065 16.
2113 2015 2131 2045 ‘
2150 2018 2388 2070 Quantas
2410 2030 2537 2081 opes
2556 2024 2614 2069 et

1556 2088 1834 2140 abstulerit
1868 2098 1926 2141 et
1959 2092 2275 2142 cremaverit
2309 2091 2431 2141 hinc
2462 2093 2614 2155 scias,

1555 2165 1694 2230 quod
1718 2165 1961 2231 quicquid
1981 2166 2238 2216 Corinthii
2260 2167 2377 2218 ieris
2398 2175 2510 2218 toto
2533 2184 2614 2218 or·

1557 2239 1625 2290 be
1671 2241 1927 2306 laudatur,
1992 2242 2234 2292 incendio
2298 2241 2617 2308 superfuisse

1560 2316 1936 2381 comperimus:
1971 2332 2089 2366 nam
2111 2318 2227 2367 aeris
2252 2325 2429 2367 notam
2454 2319 2615 2382 preti-

1560 2391 1782 2440 osiorem
1804 2393 2207 2455 opulentissimae
2226 2393 2366 2442 urbis
2388 2393 2519 2443 fecit
2536 2393 2615 2444 in-

1551 2467 1711 2533 juris,
1726 2469 1851 2534 quia
1868 2468 2109 2519 incendio
2133 2469 2359 2534 perustis
2381 2470 2617 2533 plurimis

1563 2544 1773 2607 statuis,
1796 2552 1953 2609 atque
1985 2546 2291 2606 simulacris,
2315 2544 2450 2606 aeris‚
2486 2544 2615 2609 auri,

1561 2620 1869 2685 argentique
1890 2634 2037 2669 venae
2070 2618 2126 2669 in
2164 2634 2432 2669 commune
2452 2618 2623 2669 fluxe-.

1561 2695 1722 2745 runt!
1788 2696 1917 2758 Ejus
1942 2696 2041 2744 tria
2064 2709 2256 2759 genera
2277 2692 2570 2745 referuntur
2586 2708 2619 2743 a

1562 2770 1735 2820 Plinio
1758 2770 1847 2819 lib.
1871 2782 2081 2819 xxxun
2103 2784 2221 2833 cap.
2246 2773 2295 2818 2.
2320 2768 2615 2831 candidum,

1563 2852 1783 2908 argento
1817 2845 1985 2893 nitore
2021 2858 2173 2909 quam
2206 2842 2437 2907 proxime
2470 2857 2619 2894 acce-

1563 2920 1709 2979 deus,
1732 2922 1787 2969 in
1808 2935 1908 2985 quo
1931 2921 2020 2971 illa
2050 2920 2267 2970 mistura
2308 2919 2613 2982 prevaluit:

1563 2997 1804 3060 alterum,
1838 2996 1891 3045 in
1928 3011 2029 3061 quo
2070 2996 2181 3045 auri
2222 2994 2363 3046 fulva
2396 3003 2617 3046 natura:

1566 3077 1799 3140 tertium,
1817 3076 1867 3124 in
1890 3091 1991 3142 quo
2016 3076 2228 3141 aequalis
2248 3076 2469 3125 omnium
2488 3082 2619 3127 tem-

1565 3154 1736 3218 peries
1756 3162 1857 3203 est.
1922 3155 2053 3203 Auro
2082 3151 2290 3215 potiora]
2326 3152 2463 3201 Nam
2499 3152 2621 3202 seris

1564 3230 1821 3279 Corinthii
1863 3229 2045 3291 iugens
2090 3235 2207 3278 erat
2257 3228 2503 3292 pretium,
2563 3234 2623 3278 et

1564 3319 1751 3369 magno
1784 3305 1976 3367 studio,
1996 3319 2087 3353 seu
2112 3302 2282 3367 petius
2302 3303 2503 3351 insania
2533 3316 2622 3365 pe·

1565 3380 1805 3431 tebatur:
1840 3382 2036 3443 quippe
2072 3394 2190 3429 cum
2228 3377 2485 3439 tradatur,
2516 3391 2622 3427 uon

1568 3455 1673 3503 alia
1693 3455 1760 3502 de
1798 3468 1957 3505 causa
1993 3456 2227 3515 Verrem,
2250 3466 2402 3517 quem
2436 3452 2625 3502 Cicero

1569 3529 1925 3590 damnaverat,
1946 3530 2295 3594 proscriptum
2318 3544 2434 3579 cum
2462 3544 2526 3579 eo
2554 3528 2625 3579 ab

1570 3605 1817 3667 Antonio,
1839 3620 1991 3668 quam
2024 3606 2160 3669 quod
2189 3605 2465 3655 Corinthiis
2496 3620 2553 3655 se
2574 3605 2625 3655 ei

1569 3696 1831 3733 cessurum
1862 3687 2161 3746 negaverat.
2228 3681 2503 3731 Suetonius
2535 3681 2627 3731 Ti-

1567 3757 1716 3808 berio
1734 3771 1851 3821 cap.
1871 3761 1920 3807 4.
1952 3758 1967 3785 ‘
1987 3756 2367 3807 Corinthiorum
2390 3771 2625 3807 vasorum

1571 3834 1743 3897 pretia
1767 3834 1819 3883 iu
1842 3834 2142 3883 immensum
2169 3832 2421 3883 exarsisse
2457 3834 2625 3897 gravi·

1571 3916 1654 3961 ter
1695 3918 2026 3975 conquestus,
2067 3911 2414 3963 adhibendum
2456 3913 2627 3977 supel-

1573 3990 1731 4040 lectili
1788 3989 1994 4040 modum
2034 3990 2271 4041 censuit.’
2357 3992 2628 4041 Isthmiacis

1553 4066 1768 4128 favillis]
1784 4066 1921 4119 Quis
1934 4066 2213 4117 Corinthus
2227 4067 2281 4118 iu
2302 4066 2501 4117 Isthmo
2522 4067 2627 4119 sits

1568 4150 1703 4195 erat.

1633 4225 1696 4271 71
1740 4221 1922 4284 Expers
1957 4220 2215 4281 turbarum,
2245 4226 2389 4286 utque
2417 4220 2627 4271 mmm

1475 4296 1605 4349 seat.
2446 4300 2493 4352 1’
