3200 4913
1087 431 1504 480 sravsnvu
1559 433 1707 482 ma.
1742 432 1823 480 11.
1870 417 1932 481 1.

2479 415 2608 482 201

412 576 782 643 OEbaliden
813 576 931 641 illo
959 595 1268 659 praeceps
1299 581 1584 640 mutaret
1614 575 1895 657 Apollo,

409 679 694 746 Alcides
725 684 1030 760 pensaret
1060 675 1336 759 Hylan:
1381 695 1500 740 seu
1533 676 1783 740 Graius
1816 676 2067 740 amictu

410 781 640 845 Attica
661 779 932 844 facundi
964 778 1342 843 decurreret
1370 797 1525 842 orsa
1557 777 1937 854 Menandri,

411 881 750 946 Laudaret
776 879 1008 962 gavisa
1037 898 1297 956 sonum,
1329 881 1710 962 crinemque
1742 880 2061 944 decorum

2478 877 2611 941 115

412 982 776 1046 Pressisset
801 1001 997 1045 rosea
1025 980 1286 1046 lasciva
1311 979 1556 1045 Thalia
1585 999 1879 1045 corona:

413 1163 522 1224 tris,
544 1163 754 1212 credam
768 1162 983 1224 genitum
1004 1167 1154 1211 matre
1175 1161 1433 1226 Amyclam

413 1227 706 1276 OEbulidem:
739 1226 932 1276 Alcides
955 1226 1138 1290 Hylam
1162 1230 1395 1290 pensaret.

1503 1161 1639 1210 Celer
1658 1160 1827 1224 Apollo

1461 1224 1573 1274 Sive
1603 1225 1794 1274 irtdatu
1819 1225 1989 1298 Grqco
2006 1224 2147 1287 pollio
2162 1225 2423 1298 perlegeret
2446 1223 2611 1274 Attica

1854 1164 2146 1224 permutaret
2175 1160 2257 1208 illo
2280 1159 2609 1224 Hyacinthum

409 1306 546 1354 qm
573 1291 826 1354 eloquentis
847 1290 1122 1354 Menandri,
1154 1291 1264 1338 loeta
1290 1289 1456 1338 Thulin
1493 1289 2063 1353 weho-cementum
2082 1301 2225 1352 exte,
2247 1293 2490 1354 εἰμι-σοιν
2509 1287 2610 1338 ciu-

1329 1429 1695 1452 ‘omn-'OM

411 1513 612 1574 landus,
634 1521 691 1564 et
711 1514 977 1564 statuariae
1002 1521 1057 1564 et
1078 1515 1333 1578 graphice
1358 1521 1504 1564 certe
1541 1515 1939 1578 ignarum—116
1974 1513 2216 1575 Fregiaset
2250 1514 2465 1562 Venett.
2493 1516 2539 1562 1.
2564 1515 2613 1561 2.

412 1582 459 1627 8.
479 1581 528 1627 4.
563 1579 740 1628 Parin.
765 1579 911 1627 Rom.
933 1579 1076 1627 Brix.
1101 1579 1314 1628 Vicent.
1337 1578 1496 1628 Aldd.
1521 1579 1689 1630 Colin.
1710 1578 1911 1642 Gryplr.
1936 1578 2095 1627 Basil.
2119 1578 2297 1628 Plant.
2318 1580 2417 1626 dec.
2474 1576 2611 1626 Gro-

411 1642 590 1691 novius
604 1642 761 1692 Obss.
778 1655 854 1692 tv.
872 1647 956 1692 21.
979 1643 1049 1690 ita
1072 1643 1298 1704 explicat
1315 1643 1359 1691 :‘
1383 1643 1568 1720 Frangi
1593 1643 1705 1692 vult
1725 1643 1915 1692 crinem
1939 1647 2281 1703 exstructum,
2299 1655 2413 1690 cum
2432 1654 2614 1703 super·

415 1705 657 1768 imposita
679 1721 874 1756 corona
897 1705 1204 1769 deprimitur
1223 1714 1281 1755 et
1302 1707 1378 1756 sie
1399 1721 1546 1771 quast
1567 1706 1877 1755 destruitur.
1936 1705 2214 1769 Virgilius:
2250 1707 2267 1734 ⁴
2288 1711 2441 1755 tonsa
2464 1717 2613 1752 coma

413 1783 590 1834 pressa
625 1769 866 1830 σοι-01ης·
901 1777 960 1819 ut
991 1772 1006 1796 ⁸
1027 1769 1269 1834 frangere
1308 1771 1480 1820 toros’
1527 1785 1622 1833 pro
1657 1768 1984 1833 deprimere.’
2042 1773 2058 1797 ⁴
2084 1771 2163 1818 Ex
2202 1769 2390 1832 virgil.
2434 1781 2611 1816 veram

413 1841 536 1884 ante
567 1835 743 1884 oculos
775 1833 954 1884 habuit
993 1835 1286 1897 lectionem,
1321 1849 1471 1899 quam
1509 1835 1642 1884 hane
1677 1848 1790 1884 esse
1827 1840 2066 1883 autumo:
2098 1833 2364 1898 crinemque
2397 1834 2613 1881 decorum

1397 1961 1613 2012 NOTAE

413 2062 762 2125 paloestraque
779 2059 844 2110 ab
858 2059 984 2123 ipsis
1005 2059 1238 2122 inprimis
1259 2059 1470 2108 exculta

409 2135 530 2187 fuit.
565 2136 718 2186 Unde
741 2135 1079 2199 Propertius:
1112 2137 1129 2162 ‘
1153 2135 1322 2184 Multa
1344 2143 1468 2196 tum,

407 2213 620 2276 Sparte,
647 2215 892 2264 miramur
901 2212 1026 2276 jura
1043 2211 1338 2277 palaestra!
1377 2212 1470 2260 Cu-

410 2288 588 2338 teneti·
613 2287 872 2351 pala-stris]
903 2287 970 2337 Id
991 2296 1087 2348 est,
1108 2286 1373 2351 implicitis
1395 2287 1471 2336 διὰ

409 2363 500 2412 τὰς
519 2361 716 2423 πλάκας,
746 2369 805 2412 et
823 2377 1006 2412 nexus.
1070 2363 1203 2412 Tota
1224 2362 1360 2411 enim
1384 2376 1468 2411 ars

411 2437 567 2488 lnctae
595 2438 647 2487 in
670 2452 733 2488 eo
753 2444 885 2502 erat,
907 2445 963 2489 ut
986 2437 1276 2489 firmissime
1293 2446 1469 2489 necte-

411 2521 558 2564 retur
593 2513 920 2563 adversarius
956 2521 1013 2564 et
1056 2513 1378 2577 dejiceretur
1415 2512 1470 2563 in

409 2596 626 2639 terrain.
689 2590 927 2639 Cunctas
967 2588 1196 2652 mentm]
1249 2589 1469 2639 Gestum

407 2663 714 2715 luctantium
749 2664 1029 2727 exprimit:
1063 2664 1185 2713 dnm
1221 2664 1360 2714 enim
1384 2678 1470 2713 vo-

409 2738 527 2788 lunt
563 2737 788 2801 dejicere
816 2736 1188 2798 adversarium,
1208 2738 1324 2787 nisu
1355 2751 1470 2787 cnr-

411 2818 615 2863 vantur.
646 2812 833 2876 Staret]
867 2812 1018 2863 Stare
1039 2809 1338 2861 firmitatem
1362 2812 1472 2861 luc·

412 2886 572 2939 tantis
593 2886 829 2949 denotat,
849 2886 936 2951 qni
961 2899 1064 2936 non
1093 2894 1270 2949 potest
1289 2886 1470 2949 dejici.

409 2962 672 3029 Amyclae]
701 2963 768 3013 ld
789 2970 892 3023 est,
913 2961 1173 3012 Laconica
1194 2976 1288 3011 seu
1313 2962 1470 3026 Spar-

413 3045 554 3100 tana,
573 3039 642 3088 ah
665 3038 894 3102 Amyclis
915 3037 1042 3087 urbe
1065 3035 1322 3087 Laconia.

477 3118 572 3169 112
607 3112 884 3177 OEbalides]
942 3112 1292 3177 Hyacinthum
1349 3128 1474 3178 pne·

409 3205 524 3239 rum
558 3191 872 3251 Spartanum
911 3188 978 3237 ab
1017 3188 1228 3238 OEhalia
1266 3190 1473 3253 regione

409 3266 652 3319 Laconia
676 3265 930 3315 OEbaliden
951 3265 1170 3327 dictum,
1183 3280 1334 3331 quem
1351 3266 1472 3317 ada·

409 3342 573 3393 mavit
597 3341 806 3404 Apollo.
839 3340 1166 3403 Hyacinthus
1181 3342 1269 3391 ille
1290 3343 1473 3396 eodem

408 3426 651 3483 tempore
693 3417 967 3467 amabatur
1007 3414 1073 3465 ab
1117 3416 1380 3480 Apolline,
1415 3428 1474 3469 et

411 3493 683 3558 Zephyro:
717 3491 810 3541 sed
844 3504 964 3541 cum
993 3491 1298 3555 propensior
1332 3501 1474 3541 esset

411 3572 465 3621 in
503 3568 818 3635 Apollinem,
861 3568 1027 3617 iratus
1061 3566 1332 3630 Zephyrus
1369 3567 1474 3617 dis·

412 3662 532 3698 cnm
567 3646 635 3697 ab
671 3645 910 3709 Apolline
940 3643 1180 3695 emissum
1217 3646 1270 3693 in
1309 3654 1472 3709 caput

412 3723 694 3790 Hyacinthi
718 3723 965 3787 propulit,
989 3734 1308 3785 puerumque
1333 3722 1470 3771 occi·

412 3802 527 3852 dite
585 3808 770 3864 postea
803 3799 857 3848 in
898 3795 1079 3847 florem
1133 3796 1212 3847 sui
1253 3798 1470 3849 nominis

411 3884 640 3929 mutatus
650 3883 751 3927 est.
815 3875 902 3924 lta
917 3872 1264 3938 Palaephatus.
1298 3874 1468 3925 Panlo

413 3956 566 4007 aliter
586 3952 808 4004 Ovidius
827 3950 964 4001 Met.
987 3962 1044 3999 x.

477 4035 571 4081 us
601 4026 818 4090 Alcides]
853 4024 1110 4075 Hercules
1135 4024 1466 4089 Amphitryo-

415 4104 494 4156 nis
521 4104 674 4166 filius,
703 4116 866 4167 nepos
887 4101 1076 4164 Alcaei,
1095 4116 1128 4151 a
1150 4115 1252 4165 qno
1275 4101 1470 4152 Alcides

412 4180 586 4231 dictus
637 4176 758 4229 fuit.
837 4174 1026 4241 Hylan]
1077 4175 1248 4239 Hylas
1297 4190 1469 4227 comes

411 4253 674 4319 Herculis,
709 4252 928 4304 multum
963 4251 1030 4303 ab
1071 4264 1136 4303 eo
1179 4252 1469 4307 adamatus.

1549 2057 1687 2107 Vide
1724 2057 1901 2122 Epith.
1924 2055 2100 2108 Stellae
2124 2069 2200 2105 vs.
2226 2058 2341 2106 199.
2374 2061 2431 2106 et
2451 2054 2612 2107 Theb.

1549 2147 1605 2184 v.
1624 2137 1739 2185 44³.
1806 2133 1989 2183 Graius
2014 2129 2217 2194 amicta]
2247 2130 2313 2180 Id
2335 2139 2438 2194 est,
2462 2131 2611 2182 indu-

1550 2217 1636 2262 tus
1660 2211 1821 2274 pallio
1842 2209 2055 2259 Greco.

1616 2291 1711 2337 114
1744 2284 2025 2348 Menandri]
2057 2283 2351 2335 Menander
2390 2283 2613 2335 Atheni·

1550 2362 1705 2426 ensis,
1724 2361 2001 2425 Dioppidis
2016 2361 2171 2421 filius,
2192 2361 2347 2424 potita
2364 2359 2617 2423 comicus,

1551 2452 1699 2489 novin
1738 2437 2023 2501 comoedioe,
2062 2438 2234 2488 luscus
2270 2435 2391 2500 fnit,
2424 2436 2616 2487 acutis·

1551 2512 1679 2563 simo
1702 2512 1928 2576 ingenio,
1948 2526 2236 2576 propensus
2266 2512 2319 2561 in
2354 2512 2616 2577 mulieres,

1547 2604 1714 2654 usque
1737 2589 1805 2639 ad
1821 2589 2105 2639 insaniam=
2141 2588 2430 2653 composuit
2447 2587 2615 2637 Fabu-

1549 2665 1626 2715 las
1648 2669 1732 2715 80.
1754 2672 1810 2715 et
1834 2663 2123 2727 Epistolam
2156 2678 2309 2713 unam
2342 2664 2409 2713 ad
2438 2663 2615 2714 Ptole-

1549 2755 1736 2791 mmum
1760 2755 1954 2805 regem,
1976 2746 2032 2789 et
2044 2741 2149 2790 alia
2167 2739 2421 2805 quadam.
2484 2740 2616 2789 Per·

1549 2816 1689 2866 sonis
1733 2815 1999 2865 comoediae
2043 2814 2399 2879 exprimendis
2440 2815 2615 2868 excel-

1548 2892 1665 2941 luit.
1731 2890 1979 2940 Attamen
2018 2890 2285 2940 Philemon
2319 2890 2395 2939 illi
2428 2890 2615 2955 pratia·

1549 2974 1637 3017 tus
1658 2972 1743 3017 est
1774 2966 1950 3030 pravis
1983 2966 2063 3015 sni
2101 2964 2351 3029 temporis
2376 2964 2615 3029 judiciis,

1553 3056 1671 3095 enm
1694 3046 1984 3106 prestaret.
2050 3040 2205 3093 Quod
2226 3040 2497 3109 sequentia
2517 3054 2613 3091 soe·

1553 3120 1670 3169 cula
1714 3123 2057 3182 agnoverunt.
2122 3117 2275 3167 Unde
2319 3118 2613 3167 Martialis:

1554 3196 1571 3223 ⁴
1595 3196 1740 3246 Rara
1792 3200 2043 3245 coronato
2094 3194 2337 3257 plausere
2388 3194 2615 3243 Theatra

1551 3268 1881 3319 Menandro!
1968 3267 2203 3330 facundi]
2266 3268 2401 3317 Hac
2476 3268 2613 3316 enlm

1553 3344 1900 3396 Quintilianus
1922 3344 1991 3394 de
2013 3357 2079 3393 eo
2101 3343 2315 3393 scribit:
2351 3350 2367 3373 ⁴
2394 3342 2615 3393 Menan-

1551 3419 1685 3481 der,'
1703 3420 1891 3483 inquit,
1912 3422 1931 3450 ‘
1948 3432 2064 3469 meo
2093 3418 2296 3482 judicio
2330 3417 2613 3480 diligenter

1551 3493 1737 3554 iectus,
1774 3497 1841 3542 ad
1886 3500 2074 3545 cuncta
2107 3507 2223 3557 quaa
2265 3492 2616 3556 praecipimus,

1552 3565 1827 3619 efficiendn
1848 3565 2087 3616 sufficiat.
2152 3566 2237 3616 Ita
2262 3580 2465 3616 ornnem
2486 3567 2610 3618 vitm

1551 3640 1827 3705 imaginem
1862 3640 2153 3703 expressit:
2184 3648 2333 3690 tanta
2362 3640 2417 3691 in
2450 3655 2513 3692 eo
2534 3642 2611 3691 in·

1553 3716 1792 3768 veniendi
1815 3715 1985 3781 copia,
2003 3722 2059 3765 et
2072 3716 2351 3781 eloquendi
2370 3715 2613 3769 facultas.

1549 3794 1639 3845 lta
1673 3801 1753 3843 est
1786 3792 2019 3843 omnibus
2057 3791 2231 3854 rebus,
2258 3792 2511 3857 personis,
2530 3792 2609 3843 af.

1547 3867 1777 3919 fectibus
1798 3865 2255 3919 accommodatus.’
2318 3869 2457 3919 Vide
2478 3869 2611 3919 Dio-

1544 3959 1663 3997 nem
1686 3944 2109 4008 chrysostomum
2129 3943 2183 3993 in
2200 3943 2474 4007 Oratione,
2491 3960 2607 4011 qum

1545 4021 1801 4085 inscripta
1821 4027 1906 4070 est
1923 4018 2027 4083 περὶ
2044 4018 2199 4082 Λάγον
2216 4019 2501 4080 'Aen-herens.

1612 4102 1709 4150 11ss
1739 4098 1995 4147 prmum
2017 4097 2308 4164 [Fr-egisset]
2338 4100 2485 4151 Bene
2496 4100 2609 4163 sre-

1541 4174 1715 4241 gisset.
1778 4172 1971 4237 Fraugi
1998 4173 2134 4222 enim
2173 4176 2387 4238 pulchre
2414 4176 2607 4229 dicitur

1547 4250 1707 4305 crinis
1720 4254 2039 4315 exstructus,
2056 4264 2171 4303 cum
2201 4251 2529 4319 deprimitur,
2548 4266 2607 4311 et
