3200 4913
577 403 665 466 40
1207 417 1625 468 Auci-onum
1674 417 2135 467 'rss'rmonul

765 577 1028 642 Marius
1085 574 1511 642 Salomonins
1571 574 1975 655 Albertieus,
2026 578 2073 643 J
2077 597 2136 642 c.
2213 577 2580 643 Commeat.

1229 678 1317 742 ad
1360 678 1522 761 Leg.
1553 677 1815 758 Gallus,
1841 699 1997 763 pag.
2028 681 2093 745 9.

664 827 923 914 Statius
947 828 1264 894 Caecilius
1287 829 1623 909 ComicuS,
1642 836 1712 897 et
1741 829 2003 896 Statius
2034 830 2365 914 Papinius
2398 830 2754 906 HeroicuS,

577 929 813 996 Po'etae
844 932 1138 996 celebres
1164 931 1448 998 fuerunt.

706 1081 752 1146 J
758 1082 1015 1147 acobus
1043 1081 1411 1161 Pantanus,
1443 1044 1645 1147 At'tic.
1674 1083 1923 1148 Bellar.
1956 1082 2142 1149 Part.
2178 1101 2260 1147 u.
2290 1103 2443 1168 pag.
2474 1082 2625 1148 337.

659 1195 822 1276 Gur,
851 1219 1114 1284 quaeso,
1150 1199 1432 1280 Statius,
1477 1201 1784 1266 sublimis
1828 1201 1945 1266 ille
1975 1208 2040 1266 et
2089 1201 2311 1265 celsus
2342 1198 2565 1265 Poe’ta
2592 1197 2756 1284 Lip-

577 1300 705 1378 sio,
755 1309 824 1364 et
867 1321 1007 1384 prae
1057 1303 1363 1367 omnibus
1431 1303 1757 1368 veteribus
1809 1322 1892 1367 ac
1942 1303 2312 1368 recentibus
2359 1300 2755 1384 Virgilianae

571 1403 912 1486 majestati
939 1405 1214 1486 propior
1239 1403 1604 1487 Scaligero,
1637 1422 1759 1468 eur
1785 1402 2220 1482 Claudianae,
2252 1411 2389 1468 tam
2437 1401 2753 1466 rotundus

576 1508 644 1565 et
673 1509 993 1568 venustus
1023 1503 1260 1581 Poiita,
1306 1505 1721 1588 diligentium
1762 1511 1830 1570 et
1870 1504 2039 1570 bene
2082 1504 2494 1570 literatorum
2540 1503 2757 1568 Inter-

577 1607 838 1684 pretum
883 1606 1031 1670 luce
1075 1605 1396 1683 destituti,
1441 1607 1511 1669 in
1553 1605 1845 1670 tenebris
1888 1605 2143 1669 tamdiu
2189 1603 2433 1668 deserti
2469 1602 2702 1686 jacent
2722 1602 2753 1664 ‘l

576 1702 834 1769 Gratiae
880 1705 1298 1772 debebantur
1339 1726 1596 1789 magnae
1649 1705 1859 1771 Scoto
1908 1705 2198 1783 cuidam,
2241 1711 2310 1769 et
2350 1704 2544 1769 alteri
2589 1703 2757 1768 His·

575 1824 775 1887 pano,
804 1814 869 1873 et
895 1808 1093 1874 tertio
1119 1807 1481 1886 Germano,
1509 1808 1567 1873 si
1610 1807 2041 1892 praestiterint
2066 1806 2250 1892 quod
2280 1807 2755 1890 promiserunt.

577 1905 1035 1975 Promiserunt
1105 1915 1324 1974 autem
1383 1928 1611 1974 omnes
1666 1911 1736 1974 in
1792 1915 2143 1992 utrumque
2200 1907 2749 1974 Commentarios.

577 2007 784 2086 Quod
817 2011 1008 2075 Deus
1032 2010 1192 2094 Opt.
1225 2011 1418 2074 Max.
1448 2010 1611 2073 bene
1641 2011 1947 2074 fortunet.

573 2155 776 2241 Casp.
836 2157 1186 2224 cunradus
1249 2155 1851 2241 Prosopographiae
1912 2154 2179 2222 Melicae
2234 2154 2610 2221 Millenario
2666 2171 2747 2220 11.

1495 2278 1648 2342 pag.
1676 2258 1828 2322 185.

942 2349 1284 2443 ΡύΒωυε
1316 2377 1647 2442 ΒΤΑΤιυε
1680 2375 2081 2454 PAPmmS,
2112 2392 2377 2440 POETA.

702 2476 1063 2546 Proximus
1090 2499 1162 2544 es
1187 2500 1470 2559 summo,
1503 2478 1752 2545 Vatum
1782 2479 1913 2543 nisi
1946 2498 2245 2543 summus
2274 2478 2574 2543 haberis:

785 2579 1105 2665 Virgilius
1133 2583 1426 2667 praeeat!
1473 2588 1538 2647 te
1569 2584 1685 2647 via
1714 2600 1886 2665 pone
1915 2586 2114 2645 tenet.

785 2732 1066 2800 Samuel
1097 2736 1508 2815 Dresemius,
1539 2735 1629 2800 ad
1660 2734 1778 2799 lib.
1810 2749 1878 2797 v,
1910 2732 1956 2797 J
1962 2732 2198 2816 osepbi
2231 2730 2542 2797 Devonii.

656 2851 1028 2936 Papinius:
1075 2858 1097 2889 ‘
1127 2854 1394 2920 Fortius
1437 2856 1781 2920 incursant
1820 2851 2050 2937 Tyrii?
2136 2850 2336 2916 Unde
2358 2850 2569 2915 Silius
2591 2846 2758 2911 affir-

569 2955 784 3019 mavit
808 2975 904 3034 se,
932 2974 1079 3020 cum
1108 2956 1228 3021 lib.
1253 2972 1383 3020 xv.
1445 2962 1466 2992 ‘
1492 2955 1743 3022 Acrius
1769 2955 1905 3020 hoc
1934 2954 2181 3021 Italum
2211 2953 2424 3035 pubes
2448 2932 2759 3028 incurrit?

575 3054 672 3119 Ut
691 3054 903 3121 multa
921 3056 1060 3121 alia
1085 3076 1173 3121 ex
1203 3056 1323 3122 illo
1344 3056 1650 3135 deducta,
1670 3058 1913 3141 quibus
1940 3055 2297 3121 aestimium
2324 3052 2544 3135 magni
2571 3050 2756 3115 illius

579 3155 818 3223 Politae
847 3164 1148 3241 augetur,
1193 3161 1386 3244 cujus
1427 3178 1668 3224 nomen
1708 3175 2129 3241 nequaquam
2175 3163 2315 3218 tarn
2356 3151 2617 3218 frivolis
2658 3170 2758 3215 re-

570 3258 884 3326 cessibus
928 3260 1274 3327 obscurari
1319 3259 1572 3343 debuit,
1602 3282 1755 3328 cum
1788 3268 1858 3324 et
1886 3258 2014 3325 Vir
2043 3257 2307 3334 doetus,
2335 3260 2403 3321 et
2433 3253 2759 3320 Consula-

568 3359 683 3437 ris,
728 3365 799 3423 et
847 3362 1238 3444 aliquandiu
1289 3362 1458 3429 forte
1487 3360 1826 3450 σῦγχρονος,
1858 3362 2024 3428 tanti
2052 3363 2208 3445 post
2232 3359 2508 3423 unicum
2533 3353 2759 3437 Virgi-

575 3460 741 3526 lium
767 3462 959 3528 illum
983 3462 1236 3527 fecerit.

1555 3571 1772 3638 Idem.

658 3687 950 3756 Maximi
981 3688 1242 3768 Poetae,
1271 3689 1633 3768 Homerus,
1663 3687 2013 3770 Virgilius,
2043 3684 2324 3752 Statius.

735 3837 821 3904 L.
848 3836 1204 3903 Vitruvius
1234 3836 1556 3915 Roscius,
1584 3836 1673 3901 de
1702 3834 1995 3902 Ratione
2024 3837 2354 3916 Docendi,
2382 3857 2452 3922 p.
2481 3839 2592 3903 7⁴7.

657 3970 831 4037 Post
871 3970 1225 4054 Virgilium
1269 3973 1468 4039 Statii
1511 3972 1783 4057 Papinii
1820 3972 2114 4038 Thebais
2149 3974 2394 4057 optime
2424 3973 2753 4056 relinque-

574 4081 702 4137 tur.
789 4072 972 4136 Nam
1016 4092 1172 4137 cum
1199 4072 1288 4137 ad
1313 4074 1506 4141 illius
1531 4074 1969 4140 imitationem
2000 4075 2377 4159 composita
2404 4076 2515 4153 sit,
2545 4074 2757 4139 minor

575 4173 704 4243 erit
730 4172 922 4239 labor
944 4174 1016 4239 in
1047 4173 1390 4239 discendo.
