3200 4913
564 404 611 466 4
1439 417 1860 480 rums-Ario.

561 575 742 630 Verae
796 562 1152 628 Lectiones
1193 581 1332 628 non
1373 565 1612 630 invitas
1656 561 2121 648 sequerentur3
2166 561 2452 627 diversae
2488 560 2757 645 quidem

563 667 727 743 illae,
761 671 1049 730 attamen
1079 686 1124 730 a
1151 666 1444 748 vulgatis
1487 684 1625 729 non
1657 665 1937 730 multum
1966 664 2467 747 discrepantes;
2517 663 2759 728 calami

565 767 803 831 saltem
859 765 1200 844 ductibuS,
1245 774 1312 832 et
1339 768 1685 831 literarum
1734 766 2046 848 apicibus
2086 765 2558 830 alludentibus.
2649 762 2761 842 At,

565 867 685 932 Dii
716 869 897 945 boni,
929 875 1245 951 qnantum
1275 868 1346 933 in
1373 869 1499 933 hac
1529 887 1803 951 quoque
1835 873 2023 949 parte
2052 865 2265 930 falsus
2294 863 2431 930 sui!
2517 865 2759 929 Statim

565 969 738 1032 enim
769 967 1189 1049 deprehendi,
1230 987 1367 1032 non
1412 987 1564 1033 curn
1608 968 1871 1051 punctis
1916 975 1988 1030 et
2026 967 2338 1050 apicibus
2362 970 2431 1030 et
2456 965 2759 1030 minutiis

563 1065 753 1132 hisce
787 1068 1036 1134 criticis
1057 1089 1198 1133 rem
1217 1069 1380 1134 mihi
1403 1069 1737 1150 futuram3
1768 1068 1893 1132 sed
1918 1067 2317 1132 debellanda
2339 1087 2495 1132 esse
2527 1073 2548 1102 ‘
2570 1085 2758 1131 mon-

565 1171 704 1234 stra
746 1169 1098 1247 horrenda,
1150 1170 1486 1246 informia,
1514 1168 1854 1251 ingentia,’
1904 1175 1974 1234 et
2020 1167 2129 1253 (ut
2174 1168 2303 1233 Ille
2335 1167 2466 1253 ait)
2508 1169 2756 1251 quibus

564 1287 759 1334 omne
789 1271 1052 1334 ‘lumen
1083 1269 1458 1336 ademtum.’
1548 1269 1708 1333 Non
1738 1271 1909 1334 enim
1936 1269 2175 1333 leviter
2202 1274 2319 1333 aut
2338 1287 2521 1333 more
2550 1268 2756 1333 solito

561 1370 634 1435 in
663 1371 770 1435 his
801 1370 1030 1454 Sylvis
1075 1379 1398 1455 grassatae
1444 1376 1598 1437 sunt
1638 1372 2011 1453 ignorantia
2052 1377 2123 1434 et
2163 1368 2592 1452 depravatio:
2637 1368 2759 1432 sed

563 1473 850 1554 penitus,
878 1477 947 1536 et
971 1472 1042 1534 in
1063 1472 1235 1536 imas
1266 1470 1596 1536 medullas
1624 1471 1970 1536 descendit
1996 1471 2228 1554 pestis,
2258 1489 2390 1534 non
2412 1471 2561 1533 sine
2584 1467 2758 1532 ferro

561 1577 632 1636 et
659 1577 926 1638 cautere
954 1573 1377 1656 extirpanda.
1467 1573 1534 1638 N
1541 1573 1749 1665 otatis
1792 1573 1993 1656 igitur
2033 1569 2368 1636 nonnullis
2394 1570 2570 1634 locis
2598 1587 2755 1652 qum

563 1692 700 1738 non
743 1671 1068 1752 intellexi,
1111 1680 1179 1739 et
1221 1673 1307 1738 de
1355 1675 1604 1757 quibus
1664 1673 1984 1738 siluerant
2024 1671 2451 1755 Interpretes,
2490 1669 2757 1734 lectioni

564 1773 888 1838 Statianae
916 1775 1289 1857 diligentius
1317 1775 1631 1856 incubui3
1688 1781 2086 1857 experturus
2114 1773 2392 1850 scilicet,
2422 1789 2510 1835 an
2536 1770 2757 1834 lucem

563 1875 865 1959 aliquam
924 1878 1056 1941 sibi
1101 1877 1238 1960 ipsi
1293 1877 1655 1941 foeneraret
1697 1875 1909 1944 Vates
1961 1873 2501 1941 obscurissimus.
2592 1871 2756 1936 Hoc

562 1976 828 2042 tandem
885 1977 1092 2041 modo
1135 1997 1290 2040 sese
1332 1977 1619 2059 primum
1662 1977 1963 2058 aperuit:
2010 1975 2229 2038 donec
2272 1974 2461 2038 aliud
2502 1992 2592 2038 ex
2618 1973 2754 2038 alio

564 2076 915 2159 arripiens,
977 2083 1044 2140 et
1099 2074 1387 2140 Statium
1435 2076 1568 2139 sibi
1622 2075 1757 2159 ipsi
1816 2093 2241 2159 comparans,
2292 2073 2757 2138 adblandiente

563 2177 892 2261 profectu,
919 2176 987 2240 in
1013 2175 1187 2240 hanc
1215 2177 1713 2259 persuasionem
1741 2175 2136 2255 devenerim,
2164 2181 2239 2240 ut
2267 2195 2355 2240 ex
2377 2174 2754 2259 quingentis

564 2276 737 2342 locis
773 2295 930 2359 quse
970 2296 1102 2342 non
1149 2277 1634 2356 intellexeram,
1661 2277 1809 2361 jam
1848 2296 1981 2341 non
2021 2275 2755 2361 restentquadraginta

563 2377 649 2443 de
676 2381 918 2464 quibus
947 2379 1309 2464 desperem.

651 2476 740 2546 Et
765 2481 885 2546 illa
911 2481 1179 2566 quidem
1206 2481 1409 2547 facile
1439 2482 1701 2547 tolerari
1744 2489 1814 2548 et
1851 2482 1999 2549 tolli
2030 2485 2392 2566 potuerunt
2420 2480 2753 2545 Librario-

562 2598 706 2648 rum
762 2589 995 2661 errata,
1055 2602 1210 2665 quse
1249 2584 1696 2648 nascebantur
1738 2602 1828 2649 ex
1873 2584 2203 2668 positione
2246 2584 2436 2648 vocis
2465 2582 2753 2664 alicujus

563 2700 690 2768 pro
747 2683 1012 2749 diversa
1055 2684 1362 2767 ejusdem
1405 2684 1793 2770 quantitatis
1835 2693 1907 2749 et
1956 2705 2111 2768 quae
2152 2688 2241 2754 ab
2282 2686 2515 2751 eadem
2558 2683 2755 2749 litera

563 2784 907 2867 inciperet.
997 2784 1273 2850 Planius
1299 2787 1574 2869 loquar:
1629 2784 1921 2851 Obviam
1954 2786 2100 2867 fuit,
2127 2787 2365 2852 saltem
2406 2804 2555 2849 nen·
2578 2784 2751 2848 adeo
2778 2808 2781 2811 ⁴

566 2882 854 2962 difficile,
885 2902 1081 2948 sensu
1109 2888 1493 2952 necessario
1519 2888 1921 2970 postulante,
1947 2892 2014 2951 et
2042 2888 2251 2952 literis
2279 2884 2752 2970 praeeuntibus,

565 3005 695 3069 pro
747 2994 810 3048 et
843 2986 1104 3069 servent
1147 2986 1414 3071 compita
1446 2985 1748 3069 flammis,
1796 2989 2197 3054 substituere
2240 2984 2535 3071 effulgent
2555 3008 2579 3053 0·
2626 3002 2751 3068 pro
2788 3030 2791 3037 -

563 3082 810 3149 verbere
831 3084 1041 3164 crudo,
1071 3085 1279 3150 crebro
1301 3110 1328 3157 ,-
1353 3106 1474 3171 pro
1497 3086 1673 3152 docto
1694 3089 1961 3166 numine,
1980 3088 2195 3151 dextro
2210 3112 2235 3158 ,·
2261 3106 2382 3171 pro
2403 3083 2753 3148 admirante

566 3184 874 3265 Fortuna,
902 3186 1262 3251 adversante
1289 3212 1314 3258 ,-
1348 3207 1473 3272 pro
1501 3208 1800 3265 serenam,
1829 3188 2169 3265 sedentem3
2199 3208 2323 3273 pro
2352 3206 2607 3252 munera
2634 3206 2757 3249 ces-

564 3297 730 3366 sant,
759 3310 1015 3353 munera
1043 3310 1250 3353 census
1276 3314 1300 3359 ,-
1351 3309 1474 3373 pro
1529 3288 1641 3353 Sic
1688 3300 1822 3354 tota
1858 3312 1995 3354 cum
2024 3304 2182 3355 veste
2210 3290 2362 3367 ruit,
2410 3286 2585 3352 Sicut
2612 3297 2752 3351 erat

566 3410 704 3453 cam
733 3400 891 3454 veste
920 3390 1051 3455 ruit
1071 3413 1094 3459 ,-
1140 3410 1260 3473 pro
1303 3390 1512 3475 pudor
1555 3388 1697 3454 inde
1726 3410 1894 3455 noves
1920 3392 2157 3469 mentek,
2188 3389 2467 3475 ingenua
2494 3388 2752 3455 mentim-
2830 3457 2841 3469 ,

561 3511 688 3578 pro
719 3502 853 3572 aut,
884 3492 1052 3556 atria
1076 3516 1102 3563 ,-
1160 3510 1283 3576 pro
1329 3489 1449 3570 illi,
1479 3490 1675 3554 hilm-2·
1687 3515 1713 3561 ,·
1752 3509 1875 3574 pro
1906 3512 2079 3568 cura,
2100 3488 2271 3553 cultu
2287 3514 2311 3558 ,-
2336 3506 2495 3571 quse
2523 3487 2751 3552 omnia

561 3590 669 3679 (et
693 3593 904 3658 multo
939 3593 1140 3676 plura
1167 3594 1471 3675 possem)
1499 3610 1590 3657 ex
1619 3591 1881 3656 duobus
1906 3591 2237 3675 prioribus
2269 3589 2489 3654 Libris
2517 3589 2749 3655 harum

565 3692 918 3777 Sylvarum
947 3694 1300 3776 excerpsi:
1359 3692 1534 3770 haec,
1579 3692 1880 3775 inquam,
1925 3700 2000 3756 et
2034 3692 2277 3755 similia
2310 3709 2441 3755 non
2469 3691 2751 3757 multum

563 3793 739 3860 forte
786 3796 1039 3877 negotii
1095 3794 1505 3859 facesserent
1563 3798 1816 3859 attento
1872 3792 2161 3870 Lectori,
2224 3798 2295 3856 et
2338 3794 2457 3876 qni
2519 3795 2755 3858 sensui·

565 3893 870 3973 inhoeret‚
895 3902 964 3960 et
990 3901 1271 3960 mentem
1308 3894 1631 3960 Auctoris
1671 3899 1739 3959 et
1764 3894 2044 3977 vestigia
2088 3892 2544 3975 subsequitur:
2584 3893 2748 3977 quid

565 4014 728 4060 vero
784 3996 996 4074 dices»,
1048 4016 1202 4061 cum
1242 3997 1568 4062 inveneris
1597 3994 1751 4060 lecto
1790 4014 1913 4078 pro
1937 3992 2133 4081 furto
2154 4017 2179 4064 ‚·
2227 3992 2435 4056 domus
2462 3991 2595 4057 alta
2624 4014 2749 4078 pro

575 4092 796 4179 Venus}
824 4096 1032 4168 alma,-
1089 4118 1321 4161 mensas
1370 4118 1492 4182 pro
1533 4094 1831 4182 nymphas
1856 4121 1879 4167 ,·
1920 4104 2223 4159 tamtus
2268 4114 2394 4178 pro
2438 4093 2749 4165 nudatus,-

569 4195 728 4263 bibit
757 4218 881 4283 pro
913 4196 1060 4264 tulit
1085 4223 1110 4269 ‚-
1148 4196 1417 4278 Dirc-ite,
1449 4218 1570 4283 pro
1630 4196 1829 4263 Vivite
1852 4222 1875 4269 .·
1914 4195 2200 4263 Libertas
2228 4216 2350 4281 pro
2386 4193 2700 4261 Nobilitas
2722 4222 2749 4268 ,-
