3200 4913
1275 424 1686 476 vanarum.
2493 419 2581 484 ⁸21

375 567 550 652 ¹hane
571 567 840 652 excipit
865 566 1294 652 desperafi03
1353 575 1424 636 et
1461 572 1854 652 novissime,
1888 580 2283 640 contemtus.
2377 575 2578 643 Fide·

373 673 528 744 liter
553 671 756 753 igitur
781 670 1078 738 indicavi
1106 674 1314 750 (certe
1339 672 1564 758 volui)
1593 677 1823 742 omnia
1848 677 2005 742 loca
2028 677 2113 744 de
2134 677 2385 762 quibus
2414 678 2580 746 mihi

373 795 510 842 non
540 775 797 858 liquet3
860 779 928 839 et
953 775 1288 842 nonnullis
1330 776 1661 844 inter—dum
1708 779 1879 846 forte
1929 782 2249 864 opitulari
2281 801 2577 866 possem,

371 878 508 946 nisi
533 877 812 944 taederet
857 879 1264 963 conjecturis
1303 881 1653 964 indulgere
1692 883 1766 948 in
1810 884 1983 952 locis
2026 905 2187 968 quae
2221 885 2437 953 tribus
2466 884 2579 952 vel

375 986 668 1069 quatuor
693 981 918 1048 modis
943 982 1184 1066 refingi
1211 984 1510 1068 possint:
1571 1007 1727 1054 cum
1768 1007 1855 1053 ea
1896 989 2045 1054 sola
2074 1007 2197 1071 pro
2218 988 2421 1054 certis
2466 989 2583 1052 ha·-

370 1085 572 1152 heam
601 1084 690 1150 ad
719 1105 872 1168 quae
895 1105 1072 1154 unus
1101 1092 1366 1156 tautum
1405 1097 1512 1158 eet
1539 1091 1791 1156 aditus.
1878 1091 1954 1158 Si
1994 1090 2161 1174 qnid
2205 1095 2427 1156 umen
2456 1090 2583 1156 hu·-

361 1185 669 1272 jun-odi
698 1187 1048 1268 incideret,
1077 1189 1196 1256 fidi
1225 1189 1526 1260 Editoris
1551 1199 1699 1263 erat
1726 1194 2073 1262 Iactor-em
2096 1213 2407 1273 monor-03
2450 1213 2578 1258 nec

371 1307 644 1354 monere
672 1289 917 1370 solum,
945 1291 1068 1358 sed
1097 1297 1165 1358 et
1205 1294 1580 1368 remedium
1630 1303 1936 1364 tentare:
1998 1315 2119 1362 nec
2157 1295 2335 1360 enim
2360 1295 2579 1360 serena.-

373 1390 502 1458 dus
527 1399 711 1459 esset
737 1393 1042 1460 medicus
1066 1395 1192 1478 qui
1213 1403 1468 1479 aegroto
1499 1403 1753 1465 tantum
1784 1399 2059 1478 diceret,
2091 1404 2113 1434 ‘
2139 1403 2433 1481 aegrotns
2460 1397 2585 1476 es‚’

369 1494 636 1579 absque
667 1497 981 1564 ulteriore
1025 1516 1192 1568 cura
1235 1507 1359 1566 aut
1407 1507 1660 1568 conatu
1690 1520 1839 1568 enm
1890 1499 2197 1567 sanandi.
2284 1499 2581 1564 'tentavi

371 1595 618 1680 igitur:
691 1605 764 1666 et
814 1597 1151 1668 interdum
1201 1600 1372 1668 forte
1422 1621 1659 1670 verum
1710 1602 1855 1670 vidi
1880 1623 1898 1685 3
1972 1601 2247 1686 sapius,
2308 1603 2576 1686 opinor,

367 1717 684 1782 peccavi.
943 1777 948 1781 .

462 1801 574 1868 De
601 1803 758 1888 ipso
789 1803 1016 1870 Statio
1047 1805 1277 1872 omnia
1309 1812 1463 1872 sunt
1497 1809 1815 1888 vulgata:
1876 1825 1999 1872 nec
2028 1807 2392 1891 quicquam
2416 1807 2579 1871 novi

363 1903 600 1982 habui,
631 1906 766 1974 nisi
794 1913 874 1974 ut
902 1906 1269 1974 refellerem
1299 1908 1685 1990 opinionem
1718 1927 2106 1988 magnorum
2135 1909 2428 1972 vinorum
2460 1905 2582 1991 qni

368 2011 675 2074 statuunt
702 2027 860 2070 eum
889 2009 1145 2072 victum
1190 2007 1404 2072 fuisse
1433 2008 1505 2070 in
1555 2006 1797 2090 Agone
1844 2007 2237 2096 Capitolino
2281 2009 2350 2072 in
2388 2025 2582 2076 com-

369 2106 1114 2190 missioneYl'bcbaidos
1143 2127 1331 2174 suae:
1378 2108 1563 2193 quod
1590 2129 1717 2174 nec
1746 2110 2095 2174 minimum
2124 2109 2579 2175 verisimilitu—

368 2211 550 2278 dinis
587 2211 854 2290 habere,
893 2231 1018 2280 nec
1063 2211 1152 2278 ab
1181 2231 1411 2278 eorum
1441 2209 1875 2294 Argumentis
1904 2212 2197 2295 probari,
2226 2211 2443 2277 doceo
2482 2209 2579 2276 ad

367 2312 656 2398 Epiced.
687 2315 872 2380 Patr.
901 2315 1060 2382 231.
1121 2314 1234 2382 De
1262 2313 1510 2399 ἀκρισίᾳ
1535 2321 1608 2380 et
1631 2319 1915 2392 tumore,
1944 2334 2099 2398 quae
2132 2314 2576 2399 Stafiosaepo

372 2415 800 2501 objiciuntur,
855 2418 1078 2505 aptior
1133 2418 1261 2487 erit
1311 2419 1494 2487 alius
1551 2417 1839 2485 dicendo
1890 2418 2101 2483 locuS.
2212 2416 2579 2484 Notandns

374 2520 590 2591 obiter
615 2520 748 2591 fuit
773 2540 1004 2591 eorum
1033 2542 1214 2588 error
1261 2523 1382 2607 qui
1425 2522 1709 2588 Sellium
1752 2540 1877 2589 seu
1924 2520 2277 2605 Epirotam
2318 2520 2578 2587 faciunt

373 2621 612 2692 Nostri
640 2624 960 2706 Patrem3
1003 2644 1158 2691 cum
1185 2624 1304 2690 ille
1329 2623 1536 2709 plane
1575 2624 1780 2689 fuerit
1808 2609 2306 2707 Neapolitanus
2329 2642 2347 2702 3
2392 2622 2579 2687 Gens

363 2744 532 2793 ¹vero
557 2726 874 2813 Paphia,
901 2748 995 2793 ex
1027 2726 1232 2794 Velia
1259 2728 1584 2793 Lucaniae
1616 2728 1905 2812 oppido.

461 2827 711 2894 Restat
739 2850 783 2895 a
809 2838 876 2896 te
904 2836 1149 2915 petam,
1194 2830 1462 2909 Lector,
1493 2836 1572 2896 ut
1614 2831 1933 2914 ignoscas
1978 2826 2377 2911 longitudini
2428 2824 2579 2892 No·
2702 2818 2705 2821 ⁴

369 2938 614 3011 tarum,
661 2934 775 3010 cui
807 2932 1163 3017 aliquoties
1203 2934 1375 3000 forte
1405 2936 1607 3000 nimis
1637 2933 1893 2998 indulsi
1923 2933 2040 2998 ubi
2070 2952 2195 3016 per
2216 2951 2290 2995 se
2318 2932 2578 3015 perspi-

373 3052 500 3098 cua
525 3054 635 3099 res
660 3034 815 3101 suit.
901 3035 1126 3121 Atque
1171 3038 1433 3101 utinam
1479 3035 1945 3120 exemplorum
1986 3052 2305 3102 numerus
2324 3034 2577 3101 multis

369 3138 441 3201 in
468 3139 644 3204 locis
677 3138 1276 3205 circumcideretur.
1365 3139 1514 3206 Sed.
1551 3139 1727 3203 hanc
1772 3138 2220 3221 garrulitatem
2266 3155 2425 3200 mox
2474 3134 2574 3220 (si

369 3241 542 3307 nihil
571 3243 966 3325 interpellat,
998 3246 1068 3306 et
1120 3242 1182 3305 si
1228 3240 1709 3306 eruditioribus
1756 3240 1926 3305 tanti
1976 3234 2345 3321 videbitur)
2390 3234 2587 3301 com·'

369 3346 676 3429 pensabo
720 3345 1048 3411 brevitate
1093 3343 1425 3409 Notarum
1471 3351 1546 3409 et
1597 3342 2157 3408 Emffldationum
2185 3341 2258 3406 in
2286 3338 2579 3423 Proper·

372 3448 565 3526 tium,
606 3448 718 3512 cni
751 3446 901 3531 jam
947 3464 1104 3511 cum
1155 3444 1448 3509 maxime
1487 3445 1842 3509 incumbo:
1903 3450 1971 3508 et
1994 3443 2303 3529 proxima
2330 3442 2578 3506 soetura

373 3549 693 3615 excludet
721 3548 926 3614 Statii
963 3546 1314 3613 Thebaida
1352 3555 1424 3613 et
1460 3544 1875 3624 Achilleida3
1942 3565 2111 3627 quas
2155 3562 2310 3608 cum
2354 3541 2578 3605 Libris

373 3652 554 3719 Mss.
581 3652 870 3717 collatas
901 3653 1099 3717 edere
1131 3652 1432 3716 destino:
1501 3650 1568 3713 in
1614 3667 1815 3731 quam
1860 3664 2001 3710 rem
2044 3646 2229 3708 viros
2274 3643 2575 3707 eruditos

373 3761 698 3821 exoratos
732 3755 958 3833 velim,
988 3762 1067 3819 ut
1091 3752 1254 3818 mihi
1283 3751 1721 3818 transmittere
1748 3749 2095 3831 dignentur
2125 3747 2186 3811 si
2214 3744 2379 3829 quid
2420 3744 2574 3809 huic

373 3858 730 3943 proposito
759 3855 1270 3921 accommodum
1315 3872 1526 3939 penes
1557 3872 1633 3918 se
1660 3852 1984 3917 habeant:
2031 3848 2304 3913 reddam
2334 3848 2571 3929 vicem,

371 3962 434 4025 si
462 3966 862 4043 reposcant;
903 3959 1200 4036 reddam,
1229 3964 1295 4024 et
1323 3958 1383 4023 si
1411 3977 1544 4022 non
1573 3960 1965 4039 reposcant.

458 4066 570 4131 De
608 4059 880 4144 Virgilii
930 4059 1244 4139 AEneide,
1291 4058 1699 4143 quibusdam
1747 4055 1818 4119 in
1861 4055 2055 4133 locis,
2110 4054 2475 4137 (praecipue
2505 4075 2575 4138 p.

369 4164 525 4231 302.
554 4165 682 4231 col.
715 4161 814 4249 1.)
842 4164 1120 4229 liberius
1152 4180 1358 4246 quam
1398 4179 1544 4225 mos
1573 4165 1702 4237 est,
1734 4156 2045 4243 opinatus
2074 4174 2249 4219 sum.
2339 4155 2575 4239 Hujus

371 4268 714 4353 opinionis
742 4266 1100 4334 audaciam
1123 4268 1418 4348 expavet
1439 4260 1737 4327 eruditus
1768 4258 2044 4345 quidam
2063 4257 2319 4321 amicus
2342 4275 2572 4321 meus:
