3200 4913
1063 413 1125 458 1².
1175 409 1472 464 mrum
1519 408 1769 464 sra‘ru
1821 410 2025 460 Vim.
2547 393 2636 462 25

432 562 632 640 atque
683 507 981 620 idcirco*
999 551 1224 618 durior
1281 561 1356 621 et
1411 553 1871 621 inconcinnior
1921 552 2178 622 alicubi
2224 555 2631 638 quibusdam

433 657 716 736 videtur,
761 675 972 740 quam
1018 653 1063 720 J
1069 655 1205 720 unii
1250 653 1570 733 Maximi,
1610 656 1737 724 viri
1764 656 2335 738 eloquentissimi,
2368 657 2632 742 judicio

431 761 826 844 monituque
881 759 1278 846 publicavit.
1392 758 1875 830 Antimachum
1930 765 2315 842 argumento
2374 766 2636 826 tantum

432 863 756 944 imitatae,
784 881 937 930 uam
979 859 1214 946 phrasi
1261 861 1377 930 illo
1416 860 1716 932 tumidus
1763 868 1830 930 et
1870 861 2095 940 lawe,
2140 863 2253 930 hic
2309 863 2541 932 durus.
2562 867 2636 926 et

433 967 702 1032 arctior.
789 965 964 1033 Item
994 963 1324 1036 Achilleis
1355 963 1771 1048 imperfecta,
1801 966 1873 1032 iu
1890 983 2032 1050 qua
2059 965 2261 1048 longe
2287 965 2443 1050 plus
2466 964 2635 1028 doc-2

430 1067 520 1152 tis
563 1069 992 1152 quibusdam,
1041 1087 1250 1156 quam
1279 1069 1351 1135 in
1379 1067 1721 1138 Thebaide
1749 1074 2069 1152 praestare
2100 1067 2384 1134 videm.
2471 1065 2635 1132 Non

431 1169 700 1235 defuere
729 1171 959 1250 etiam,
987 1173 1100 1254 qui
1129 1169 1520 1237 Achilleida
1546 1173 1761 1255 ipsam
1778 1170 2147 1255 perfectam
2162 1169 2372 1236 fuisso
2398 1169 2637 1241 existi,-

427 1273 698 1354 marint,
739 1273 866 1338 sed
926 1273 1278 1358 reliquum,
1321 1272 1510 1356 quod
1557 1272 1769 1352 deest,
1820 1271 2257 1358 deperditum,
2310 1277 2390 1339 ut
2431 1271 2635 1334 etiam

347 1459 354 1462 -
431 1376 688 1441 diutius
739 1375 969 1461 Sylvae
1016 1377 1299 1455 fuerunt,
1344 1376 1485 1454 alii,
1527 1373 1708 1460 quod
1738 1373 2079 1454 habemus),
2106 1375 2435 1462 integrum
2462 1393 2634 1452 esse,

427 1478 688 1562 utrique
730 1499 1002 1564 magno,
1051 1487 1126 1542 ut
1169 1486 1358 1564 puto,
1413 1481 1548 1544 acti
1593 1499 1832 1560 errore,
1870 1483 1939 1546 et
1968 1476 2343 1548 manifestis
2368 1463 2634 1564 pridem

431 1582 840 1664 argumentis
883 1581 1179 1666 explosi.
1270 1581 1626 1651 Proditum
1680 1588 1803 1662 est,
1854 1601 2009 1650 cum
2038 1577 2421 1650 Achilleida
2450 1587 2636 1646 esset

430 1681 914 1768 descripturu5‚
945 1677 1326 1772 Crispinum
1355 1681 1584 1756 Vectii
1620 1685 1864 1771 Bolani
1895 1683 2127 1766 filium,
2172 1681 2433 1754 clarum
2462 1682 2636 1748 mili-

427 1783 530 1847 tia
547 1784 880 1868 juvenem,
924 1787 1056 1851 sibi
1083 1789 1548 1872 proposuisse.
1640 1789 2015 1872 Utramque
2045 1806 2205 1855 vero
2240 1783 2633 1872 Imperatori

429 1885 823 1952 Domitiano
861 1887 1137 1954 dicavit.
1227 1889 1482 1954 Extant
1508 1898 1580 1954 et
1609 1892 1901 1972 quinque
1931 1883 2284 1972 Sylvarum
2322 1885 2499 1962 libri,
2544 1904 2636 1948 ex

431 1988 674 2071 quibus
700 1994 767 2054 et
792 1989 1146 2054 vehemens
1175 1989 1242 2054 in
1281 2011 1366 2054 eo
1409 1989 1751 2073 poematis
1794 2009 2031 2071 genere
2075 1988 2277 2066 illiue,
2324 1994 2396 2050 et
2437 2005 2635 2069 paene

428 2092 896 2175 extemporale
945 2091 1312 2174 ingenium,
1359 2097 1430 2158 et
1478 2092 1781 2157 subitum
1838 2091 2148 2166 calorem,
2192 2095 2275 2152 ut
2322 2089 2471 2172 ipse
2516 2087 2633 2164 ait,

425 2195 774 2277 percipere
803 2195 1110 2276 possitis.
1196 2195 1308 2263 De
1354 2195 1605 2278 quibus
1650 2192 1919 2282 quidem
1967 2190 2245 2276 Papinii
2276 2189 2503 2275 sylvis
2532 2189 2633 2254 sic

427 2294 842 2381 Apollinaris
869 2297 938 2362 in
961 2297 1557 2383 hendecasyllabo,
1579 2295 1670 2362 ad
1692 2293 2029 2360 Felicem:

863 2429 960 2497 At
987 2449 1140 2497 cum
1169 2431 1342 2497 forte
1366 2431 1615 2517 pedum
1640 2431 1896 2497 minore
1924 2428 2227 2514 rhythmo

863 2533 1092 2618 Pingit
1119 2554 1425 2617 gemmea
1449 2540 1649 2619 prata
1676 2532 2130 2619 Sylvularum.

427 2672 538 2737 Ex
567 2672 829 2749 iisdem,
859 2670 1161 2753 inquam,
1192 2670 1416 2755 Sylvis
1457 2674 1523 2733 et
1569 2668 1831 2735 amicos
1882 2672 1947 2733 et
1996 2666 2351 2742 fortunam,
2384 2671 2453 2728 et
2482 2658 2631 2728 reli-

425 2794 628 2859 quam
680 2773 898 2856 ipsius
944 2772 1173 2857 po’etae
1219 2772 1426 2838 vitam
1469 2771 1673 2837 facile
1724 2767 2172 2853 cognoscetis.
2260 2760 2631 2851 Scripsisse

425 2882 761 2961 praeterea
789 2874 1183 2959 tragoediam
1215 2894 1256 2939 a
1283 2873 1615 2939 nonnullis
1661 2872 2129 2951 existimatu13
2180 2868 2381 2952 idque
2422 2866 2657 2933 Juvess'

424 2979 601 3044 nalis
629 2978 902 3043 innuere
931 2976 1211 3059 videtur,
1253 2980 1335 3043 ut
1384 2996 1547 3043 mox
1591 2976 1837 3040 dicam.
1926 2972 2089 3039 Non
2128 2971 2408 3037 multum
2454 2970 2628 3035 adeo

427 3080 718 3145 Statium
750 3098 792 3143 a
820 3098 1097 3143 suorum
1126 3085 1502 3161 temporum
1537 3075 1997 3161 Scriptoribus
2039 3080 2332 3141 amatum
2363 3092 2445 3137 ea
2472 3073 2629 3137 rati-

427 3202 555 3247 one
581 3180 854 3265 colligo,
887 3180 1068 3265 quod
1097 3180 1234 3246 ab
1211 3180 1300 3245 iis
1331 3180 1482 3265 ejus
1505 3180 1760 3245 nullam
1788 3178 1925 3243 fere
1956 3177 2353 3241 mentionem
2377 3174 2631 3239 saetam

425 3283 654 3363 vide0,
681 3289 1136 3369 praeterquam
1165 3284 1251 3347 ab
1282 3282 1643 3363 Juvena1e‚
1699 3280 1815 3366 qui
1859 3286 1929 3345 et
1969 3278 2157 3343 illum
2192 3276 2630 3393 ‘perstringere

427 3370 659 3471 potius
716 3386 992 3452 satirice
1045 3384 1332 3465 videtur,
1385 3405 1588 3470 quam
1632 3376 1935 3462 laudare,
1980 3382 2086 3446 ita
2122 3379 2313 3444 enim
2333 3378 2512 3442 canit
2560 3377 2631 3439 in

427 3491 761 3575 septima:
1922 3502 1927 3508 ·

545 3680 550 3691 ⁵
685 3596 985 3669 Curritur
1015 3601 1102 3668 ad
1134 3618 1378 3667 vocem
1402 3595 1797 3692 jucundam,
1826 3600 1894 3661 et
1924 3582 2191 3662 carmen
2220 3589 2457 3659 amicae
2508 3580 2513 3587 ’

587 3699 596 3709 ‘
683 3702 1342 3783 ThebaidoS‚laetam
1371 3702 1538 3770 fecit
1564 3718 1721 3765 cum
1750 3694 2009 3767 Statius
2038 3693 2284 3770 urbem,

683 3803 1150 3889 Promisitque
1179 3802 1404 3885 diem,
1384 3824 1402 3841 ·
1439 3807 1635 3867 tanta
1664 3798 2023 3867 dulcedine
2053 3798 2285 3879 captos

682 3904 917 3973 Afficit
944 3908 1061 3973 ille
1093 3908 1379 3988 animos,
1409 3911 1731 3991 tantaque
1758 3900 2037 3969 libidine
2066 3896 2247 3981 vulgi

681 4006 1010 4076 Auditur.
1048 4008 1174 4076 sed
1202 4030 1356 4079 cum
1387 4007 1586 4104 fregit
1614 4003 1946 4073 subsellia
1973 4019 2195 4079 versu,

683 4112 938 4193 Esurit,
965 4116 1290 4183 intactam
1320 4112 1558 4185 Paridi
1585 4109 1725 4179 nisi
1751 4106 1999 4205 vendat
2022 4102 2345 4189 Agavem.

427 4242 580 4311 Nec
609 4242 826 4315 illud
805 4264 877 4311 m
903 4244 1274 4329 praeseutia
1299 4240 1496 4315 vobis
1523 4237 1923 4317 reticuerim,
1972 4229 2156 4319 ‘iuml
2196 4236 2303 4301 0³²¹
2351 4231 2437 4297 ab
2484 4228 2631 4305 Ali„-
