3200 4913
606 406 696 476 22
1497 413 1913 497 nampulo.

609 567 806 653 cujus
836 584 1070 646 causa,
1101 572 1174 631 et
1203 570 1282 632 ut
1308 565 1488 650 quod
1529 555 1778 630 censeo
1818 565 1962 629 sine
2011 565 2407 648 ambagibus
2450 565 2809 650 proferam,

609 668 824 734 addo:
888 666 1190 752 Plurima
1227 685 1381 732 esse
1427 669 1493 731 in
1541 668 1678 731 isto
1728 665 2083 744 Poemate,
2120 685 2294 752 quae,
2324 669 2535 751 siege
2563 666 2810 754 (pessi-

608 789 760 835 mus
787 770 1080 834 omnium
1110 767 1362 854 Poeta)
1390 789 1626 836 versus
1660 770 2043 848 scriberem,
2072 770 2323 834 nollem
2354 771 2423 834 in
2453 772 2623 835 meis
2652 789 2811 860 con-

611 873 790 956 spici
819 891 835 936 :
891 878 964 936 et
1009 871 1174 937 licet
1220 892 1498 938 numero
1545 873 1804 937 infinita
1834 871 2009 937 ultra
2056 872 2362 936 humanae
2410 871 2813 937 imitationis

610 979 830 1039 metas
859 975 930 1038 in
954 974 1077 1039 illo
1107 976 1467 1054 emineant,
1489 975 1813 1040 nonnulla
1842 981 2072 1039 tamen
2097 979 2251 1039 sunt
2273 972 2813 1051 contradictoria,

611 1075 828 1142 multa
853 1076 1196 1160 languida,
1229 1077 1463 1157 exilia,
1493 1077 1871 1160 nugatoria,
1901 1079 2141 1160 spiritu
2172 1082 2243 1141 et
2269 1076 2619 1160 majestate
2648 1073 2815 1139 Car-

611 1178 814 1242 minis
845 1177 1124 1243 Heroici
1153 1178 1450 1246 defecta:
1513 1199 1668 1263 quae
1711 1179 1771 1244 si
1811 1179 2089 1263 perfecti
2128 1179 2375 1262 Operis
2406 1180 2598 1261 signa
2630 1184 2817 1253 sunt,

614 1280 705 1344 sit
729 1298 852 1362 per
901 1299 1010 1344 me
1057 1281 1548 1366 quanmmlibet
1587 1281 1888 1365 perfecta
1936 1278 2211 1362 Virgilii
2262 1279 2517 1344 AEneis.
2604 1277 2697 1342 Et
2723 1275 2811 1341 de

616 1379 977 1463 Georgicis
1007 1383 1274 1466 quidem
1309 1390 1633 1466 quantum
1654 1382 2169 1462 vult-concedo3
2212 1381 2297 1445 de
2317 1378 2605 1444 AEneide
2632 1397 2819 1458 vero,

615 1485 1234 1568 renuo'negithue.
1323 1486 1483 1550 Non
1513 1485 1701 1550 solus
1746 1486 1847 1550 ita·
1882 1503 2162 1549 censeo:
2226 1483 2433 1546 immo
2484 1483 2613 1547 hoc
2663 1500 2820 1546 sen-

609 1579 1080 1666 .sisse,videtur
1105 1586 1252 1670 ipse
1295 1585 1653 1669 Virgilius,
1703 1587 2005 1668 optimus
2031 1585 2365 1650 certe-sui'
2378 1583 2595 1668 judex
2617 1593 2665 1664 3·
2701 1590 2822 1650 aut

620 1704 824 1768 quare
851 1690 874 1721 ‘
903 1687 1190 1756 flammis
1223 1688 1482 1754 aboleri
1501 1688 1721 1773 jussit
1740 1689 1757 1715 ’
1783 1690 1917 1754 hoc
1947 1689 2170 1772 opus?
2218 1687 2354 1752 Sed
2385 1693 2454 1751 et
2484 1687 2695 1764 soluS,
2726 1688 2824 1752 ita

620 1789 934 1868 censebo,
957 1790 1182 1870 „donec
1215 1810 1457 1855 sensus
1505 1793 1878 1857 commanis
1916 1795 1985 1856 et
2010 1783 2233 1855 rerum'
2256 1789 2571 1854 notiones
2597 1787 2823 1853 animo

619 1885 1000 1954 haerebunt.'
1033 1913 1040 1922 ·
1081 1891 1603 1975 Impudentiam·
1626 1893 1763 1970 vel
1786 1893 2187 1957 dementiam
2240 1911 2458 1956 meam
2506 1889 2767 1954 miraris
2792 1889 2823 1951 ‘1

624 1991 808 2070 quod
833 1989 1004 2069 dixi,
1035 1991 1362 2072 praestare
1391 2001 1673 2074 paratus
1700 2009 1850 2056 sum
1874 2014 1894 2070 3
1938 1999 2009 2054 et
2036 1995 2105 2054 in
2122 1995 2309 2054 hanc
2336 2011 2496 2066 rem,
2525 2009 2661 2054 uon
2688 2009 2828 2055 me·

627 2087 1236 2174 diocrem‘Sylvam
1258 2091 1500 2174 jam-in
1527 2091 1780 2155 mundo
1825 2093 2097 2172 habe03
2140 2093 2334 2173 cujus
2364 2091 2707 2172 specimen
2753 2094 2825 2157 in

624 2179 843 2254 Notis
867 2193 1120 2274 passim
1147 2192 1429 2282 videbis.
1517 2191 1581 2255 Ο
1629 2190 1895 2275 virgili,
1942 2194 2143 2276 quale
2187 2198 2253 2257 te
2296 2211 2539 2256 numen
2580 2185 2842 2276 habere,

627 2293 942 2372 dicerem,
977 2295 1037 2358 si
1067 2295 1170 2358 sic
1201 2295 1431 2360 omnia
1479 2295 1871 2380 scripsisses
1889 2295 2486 2379 -quemadmodum
2514 2297 2729 2362 multa
2756 2299 2827 2363 in

625 2394 946 2474 secundo,
965 2402 1242 2479 quarto,
1275 2404 1345 2463 et
1369 2404 1569 2463 sexto
1614 2395 1885 2464 Libris!
1930 2397 2019 2463 Et
2042 2406 2127 2464 ·tu
2158 2392 2431 2483 ‹fuidem
2474 2399 2575 2465 sic
2604 2389 2827 2467 omnia

587 2558 590 2561 .
630 2499 1046 2583 scripsisses„
1078 2502 1139 2564 si
1167 2502 1288 2565 tihi
1328 2501 1791 2587 permisissent
1822 2507 2109 2583 tempus.
2132 2507 2202 2566 et
2242 2502 2418 2566 male
2442 2500 2665 2569 feriati
2706 2502 2827 2569 ho-

631 2602 885 2666 mines:
955 2602 1076 2667 sed
1102 2621 1279 2666 nunc
1297 2618 1485 2685 ‘pars
1529 2602 1809 2667 minima
1840 2622 1917 2668 es
1940 2602 2093 2687 ‘ipse
2124 2603 2251 2668 tui:
2329 2601 2531 2681 Vale,
2564 2602 2824 2684 Lector,

633 2708 721 2782 et,
749 2704 812 2768 si
841 2704 1062 2769 minus
1089 2710 1273 2771 recte
1291 2703 1422 2769 ,de‘
1446 2701 1555 2768 his
1598 2705 1800 2769 rebus
1853 2705 2162 2784 sentiam,
2190 2704 2435 2771 docere
2460 2724 2566 2771 me
2588 2705 2701 2772 vel
2726 2726 2829 2771 re-

637 2806 984 2887 darguere,
1015 2807 1075 2870 si
1103 2808 1270 2872 tanti
1301 2807 1408 2885 sit,
1437 2826 1524 2871 ne
1551 2806 1957 2889 dedigneriS.

772 3036 1012 3104 Londini,
1031 3036 1214 3089 Idibus
1236 3037 1401 3103 April.
1426 3038 1494 3091 A.
1513 3040 1584 3089 D.
1610 3043 1755 3091 1728.
