3200 4913
1102 371 1525 422 sanARuM
1590 371 1736 422 mn.
1785 372 1896 420 ιιι.
1928 357 1992 422 ’2.

2505 353 2636 422 327

452 515 793 593 Fluctuet,
820 522 938 580 aut
968 485 1178 580 Siculi
1210 488 1600 597 populatrix
1629 515 1817 597 virgo
1848 513 2200 599 profundi?

447 616 646 696 Quos
676 617 800 682 tibi
832 617 1119 682 currenti
1152 635 1449 700 praeceps
1478 618 1652 682 ferat
1677 615 1892 682 Adria
1919 636 2140 682 mores
2151 619 2188 680 ‘t

344 824 351 832 ·
442 817 605 866 unda?
640 832 705 866 an
743 817 1007 866 montonem
1044 817 1257 878 agitetur
1294 815 1576 880 Charybdis,
1610 821 1694 866 aut
1731 816 1869 877 virgo
1897 815 2164 880 predam
2199 815 2355 869 Siculi
2391 817 2634 880 aeqmris?

444 880 600 936 Quam
634 882 785 943 legem
804 880 962 930 Adria
993 895 1134 945 passa
1161 881 1245 943 sit,
1282 885 1331 930 te
1350 881 1640 943 navigante?
1673 880 1796 936 Qua
1815 881 1974 941 fuerit
2011 881 2334 944 “atquinium
2373 881 2629 947 Carpathio

1355 1020 1443 1041 m
1449 1021 1593 1040 ,ΗΝ
1598 1021 1716 1042 ‘On

441 1120 621 1172 Amor.
644 1133 707 1173 ιι.
729 1127 811 1174 16.
831 1127 914 1174 26.
938 1123 1083 1188 legit,
1104 1129 1235 1174 torta
1258 1123 1557 1188 Charybdis,-
1588 1129 1646 1174 et
1667 1123 1744 1173 ita
1763 1123 1822 1174 in
1839 1123 2147 1177 Parme-8⁷
2176 1123 2354 1176 Perm-
2387 1132 2445 1176 et
2485 1126 2635 1178 Rom.

1126 1251 1158 1280 ⁴'
1437 1255 1483 1304 N
1490 1253 1649 1304 01*AE

441 1371 532 1409 ιιι.
572 1364 631 1408 et
664 1359 881 1409 Homer.
918 1359 1111 1424 odyss.
1155 1365 1223 1410 Μ.
1288 1358 1393 1410 Sed
1420 1373 1501 1410 re-

1578 1360 1682 1408 lam
1724 1358 1960 1422 ardebat,
1995 1363 2052 1409 et
2089 1359 2297 1410 tandem
2333 1375 2635 1414 conversam

441 1447 569 1484 vera
597 1434 887 1498 Charybdis
922 1435 1049 1484 nihil
1081 1435 1221 1485 aliud
1244 1442 1327 1484 est
1348 1447 1499 1500 quum
1580 1435 1739 1486 fuisse
1784 1435 1837 1486 in
1876 1437 2144 1499 scopulum
2188 1437 2406 1487 humana
2448 1437 2633 1502 forma,

439 1523 577 1560 mare
610 1512 945 1574 vorticosum,
968 1518 1024 1560 et
1044 1511 1191 1576 quasi
1227 1511 1279 1560 in
1302 1511 1498 1560 hiatum
1579 1525 1937 1574 cavernosum,
1959 1512 2024 1561 ad
2060 1513 2199 1578 quod
2233 1515 2384 1564 maris
2424 1516 2635 1566 estuosi

440 1585 781 1638 descendens.
852 1586 1046 1638 Plinius
1078 1588 1168 1637 lib.
1188 1601 1275 1638 ιιι.
1306 1601 1421 1650 cap.
1445 1590 1494 1637 8.

438 1663 553 1713 bec
575 1665 789 1713 scribit:
826 1663 841 1692 ‘
869 1663 930 1713 In
954 1677 1017 1712 eo
1034 1661 1188 1727 freto,
1208 1663 1396 1725 Siculo,
1412 1669 1495 1711 est

438 1740 681 1803 scopulus
705 1739 865 1804 Sylla,
882 1739 1006 1788 item
1024 1738 1331 1804 Charybdis,
1352 1753 1493 1789 mare

437 1815 769 1877 vorticosum,
786 1815 933 1865 ambo
950 1815 1089 1864 clara
1105 1814 1343 1864 sevitia?
1398 1815 1493 1863 Di·

436 1889 620 1954 dymus
648 1891 864 1940 Homeri
886 1891 1229 1939 Scholiastes:
1263 1886 1495 1951 Χάρυβδις

435 1963 679 2026 θαλάσσης
694 1964 837 2023 βάθος
858 1965 1154 2015 ἂναποτικόν.
1207 1963 1494 2028 Charybdis,

430 2055 628 2102 curtes,
648 2057 737 2106 quo
756 2056 885 2091 mare
906 2040 1191 2090 absorbetur.
1246 2039 1491 2088 Ceterum

433 2115 679 2167 discimus
732 2130 799 2166 ex
844 2116 1080 2179 Epistola
1134 2119 1218 2164 79.
1264 2115 1496 2175 Senecae,

432 2193 675 2258 quicquid
700 2193 787 2243 illo
820 2193 944 2242 freti
977 2192 1181 2242 turbine
1219 2189 1493 2255 abreptum

435 2274 569 2331 erat,
586 2281 680 2331 per
700 2268 858 2316 multa
876 2268 1032 2316 millia
1051 2269 1183 2316 trabi
1205 2267 1490 2323 conditum,

435 2351 492 2394 et
512 2343 651 2392 circa
664 2342 1138 2392 Taurominitanum
1156 2342 1301 2392 littus
1325 2355 1489 2390 emer-

433 2429 579 2485 gere.
648 2418 879 2483 Hujusce
916 2432 1036 2468 vero
1080 2417 1329 2468 rationem
1372 2416 1488 2467 vide

429 2494 569 2560 apud
604 2495 917 2546 Cluverium.
986 2496 1194 2545 Fretum
1232 2495 1329 2545 boc
1362 2494 1489 2545 αδί-

430 2573 559 2622 culis
595 2572 748 2622 hodie
785 2572 955 2621 vocari
983 2571 1299 2634 Colophona
1330 2576 1485 2620 testa-

431 2654 517 2699 tur
538 2648 791 2709 Fazellus,
806 2648 941 2711 quod
971 2648 1152 2697 Latine
1176 2648 1362 2696 bonnm
1380 2649 1486 2696 sive

433 2725 705 2789 pulchrum
736 2730 821 2772 est
844 2723 1014 2772 lumen
1041 2739 1057 2784 ς
1090 2723 1158 2772 ob
1180 2721 1234 2771 id
1274 2723 1409 2786 quod
1433 2724 1485 2771 in

426 2800 665 2865 proximo
684 2799 863 2849 littore
886 2800 952 2849 sit
983 2801 1212 2863 specula,
1232 2814 1345 2863 qnae
1370 2814 1487 2848 cau-

431 2882 539 2927 tum
554 2875 1084 2941 praeternavigaturis,
1103 2880 1283 2925 contra
1299 2875 1485 2925 vicina

427 2952 717 3017 Charybdis
741 2952 921 3016 minas,
942 2953 1111 3001 lumen
1133 2952 1355 3015 praebet.

490 3032 559 3077 86
589 3026 695 3076 Aue
731 3026 884 3078 Siculi
918 3028 1191 3092 populatrix
1211 3026 1347 3089 virgo
1374 3042 1483 3090 pro·

423 3103 587 3166 man]
643 3102 748 3151 Per
806 3105 1055 3166 virginem
1102 3104 1480 3168 populatricem

428 3178 587 3228 Siculi
610 3176 849 3243 profundi
886 3179 1127 3242 designat
1148 3179 1314 3229 Poeta
1338 3180 1481 3243 Scyl·

432 3256 557 3315 lam,
613 3267 767 3319 quam
822 3260 1108 3301 monstrum
1164 3268 1277 3303 esse
1327 3254 1482 3303 etiam

425 3330 687 3381 finxerunt
707 3327 803 3378 sub
822 3328 1070 3378 altissimo
1099 3332 1313 3392 scopulo
1344 3332 1484 3379 babi-

430 3415 564 3469 tans,
578 3405 873 3469 habensque
889 3402 1161 3452 duodecim
1180 3402 1486 3453 foedissimos

427 3482 609 3547 pedes,
635 3490 689 3531 et
714 3494 806 3530 sex
836 3478 1131 3543 longissima
1166 3478 1357 3542 capita,
1380 3479 1488 3544 qui-

427 3558 521 3609 bus
552 3558 789 3608 nimirum
823 3555 907 3605 vel
942 3556 1306 3605 remotissimas
1330 3554 1394 3604 ad
1428 3568 1485 3606 se

425 3649 585 3685 naves
608 3633 917 3683 attrahebat.
982 3631 1133 3681 Unde
1168 3630 1385 3696 Papinio
1408 3631 1485 3681 di·

428 3711 586 3774 citur,
604 3710 754 3759 Siculi
787 3709 1061 3773 populatrix
1090 3707 1330 3772 profundi.
1398 3708 1486 3759 Ita

427 3785 704 3836 Homerus.
736 3784 873 3833 Vide
896 3788 952 3831 et
968 3782 1153 3844 virgil.
1176 3782 1375 3832 AEneid.
1396 3794 1483 3832 ιιι.

430 3862 537 3911 Alii
584 3862 737 3910 aliter
783 3872 898 3908 eam
947 3857 1252 3922 depingunt.
1321 3856 1482 3906 ovid.

428 3938 557 3989 Met.
581 3952 697 3987 xiv·
719 3938 832 3987 vult
851 3936 1074 4001 Scyllam
1106 3934 1297 3985 Phorci
1326 3934 1483 3985 filiam

428 4011 481 4063 in
502 4021 807 4074 monstrum,
829 4011 1040 4062 canibus
1062 4012 1375 4082 succinctum
1408 4012 1481 4061 in·

429 4088 601 4151 guina,
646 4094 891 4138 mutatam
946 4085 1105 4141 fnisse
1146 4101 1178 4137 a
1220 4084 1377 4137 Circe
1428 4086 1481 4136 in

433 4162 607 4216 odium
646 4165 849 4230 Glauci,
866 4166 975 4231 qui,
1001 4179 1065 4216 ea
1100 4171 1297 4230 spreta,
1337 4162 1482 4228 Scyl·

1575 1586 1764 1638 fluctus
1797 1587 2008 1637 refracti
2049 1589 2292 1638 latratum
2325 1605 2511 1640 canum
2544 1607 2635 1642 ex·

1574 1665 1822 1727 primunt.
1889 1663 2096 1715 Revera
2109 1665 2248 1714 enim
2269 1665 2442 1728 Scylla
2462 1665 2631 1716 Plinio

1572 1742 1814 1803 scopulus
1853 1741 1907 1790 in
1941 1741 2080 1790 freto
2119 1742 2452 1805 Mamertino,
2492 1744 2632 1792 in'ter

1544 1821 1547 1826 '
1569 1815 1797 1865 Siciliam
1815 1823 1870 1865 et
1893 1815 2121 1865 Italiam.
2167 1818 2389 1881 Scyllam
2413 1823 2468 1867 et
2485 1817 2634 1882 Scyl·

1573 1891 1726 1938 laeum
1751 1890 1982 1954 appellat
2001 1891 2204 1942 Strabo.
2273 1892 2446 1942 Hodie
2469 1893 2631 1958 Scyllo

1572 1966 1787 2028 dicitnr,
1813 1974 1948 2017 teste
1967 1968 2188 2018 Fazello.
2254 1969 2483 2020 Isaacius
2504 1971 2631 2022 scri-

1572 2044 1649 2093 bit
1672 2042 1892 2107 Scyllam
1916 2057 2032 2092 esse
2049 2045 2456 2107 promontorium
2472 2044 2633 2109 juxta

1572 2120 1823 2182 Rhegium
1847 2119 2015 2169 Italian
2049 2120 2102 2170 in
2139 2134 2282 2170 mare
2318 2121 2632 2185 prominens,

1573 2196 1628 2245 in
1653 2210 1754 2258 quo
1791 2203 1911 2244 sunt
1944 2209 2073 2245 saxa
2102 2196 2281 2258 multa,
2302 2203 2359 2245 et
2385 2196 2630 2260 ingentia,

1570 2285 1686 2336 quae
1707 2270 1895 2321 hahent
1919 2271 2133 2320 interius
2155 2286 2304 2334 cava,
2327 2285 2388 2321 ac
2420 2273 2630 2336 spelun-

1571 2360 1679 2408 cas,
1712 2346 1762 2394 in
1785 2345 1971 2411 quibus
1995 2345 2234 2395 habitant
2263 2353 2490 2396 monstra
2521 2361 2628 2398 ma-

1570 2421 1717 2471 rinas
1753 2420 1840 2470 ubi
1882 2420 2092 2485 navigia
2142 2419 2338 2472 fuerint
2380 2422 2446 2472 ab
2492 2436 2630 2488 aqua

1568 2495 1855 2561 Charybdis
1873 2496 2008 2545 illisa
2026 2503 2083 2546 et
2103 2510 2302 2561 eversa,
2321 2505 2444 2548 tunc
2467 2498 2629 2549 homi·

1565 2586 1660 2622 nes
1683 2572 1748 2621 ab
1771 2571 1872 2621 illis
1894 2572 2134 2622 monstris
2156 2573 2410 2623 devorari.
2476 2573 2626 2625 Idem

1566 2654 1715 2698 extat
1728 2647 1863 2711 apud
1881 2646 2143 2711 Apollonii
2165 2646 2351 2697 Rhodii
2370 2647 2626 2711 interpre-

1567 2729 1695 2787 tem,
1715 2723 1800 2787 qui
1821 2723 1972 2772 estin
1993 2720 2132 2772 hunc
2161 2722 2330 2773 locum
2355 2725 2626 2775 consulen-

1568 2798 1682 2847 dus.
1749 2798 1884 2847 Vide
1922 2799 2082 2848 etiam
2119 2798 2428 2849 Strabonem
2462 2800 2552 2849 lib.
2579 2815 2624 2851 1.

1566 2874 1656 2923 ubi
1693 2874 1804 2923 vult
1829 2872 2130 2937 Homerum,
2159 2887 2277 2923 cum
2302 2871 2461 2924 tradit
2481 2874 2626 2940 Scyl.

1564 2953 1667 3001 lam
1713 2948 1888 2999 venari
1923 2948 2127 2998 solitam
2161 2948 2330 3013 pisces
2370 2949 2625 3015 ingentes,

1563 3027 1700 3077 forte
1741 3025 2028 3090 respexisse
2066 3024 2129 3073 ad
2163 3026 2487 3076 venationem
2517 3026 2624 3077 Ga·

1562 3104 1817 3158 leotarum
1856 3101 1994 3166 apud
2043 3100 2340 3165 Scyllaeum,
2374 3117 2486 3167 quae
2526 3104 2621 3153 ibi-

1564 3180 1680 3231 dem
1706 3195 1735 3229 ιι
1755 3179 2006 3228 Strabone
2028 3177 2354 3228 describitur.

1627 3260 1692 3305 87
1726 3255 1904 3319 Adria]
1959 3254 2064 3303 Per
2111 3252 2327 3302 Adriam
2379 3253 2621 3317 intelligit

1564 3329 1909 3391 Adriaticum,
1931 3342 2022 3377 sen
2063 3341 2304 3390 superum
2339 3342 2500 3389 mare,
2521 3328 2619 3377 hoc

1564 3419 1753 3456 nomen
1775 3406 2015 3454 sortitum
2047 3403 2114 3453 ab
2136 3402 2298 3453 Adria
2319 3404 2448 3453 urbe
2469 3403 2618 3453 Gras-

1565 3494 1649 3541 ca,
1682 3480 1892 3543 Illyrico
1914 3479 2042 3528 mari
2065 3480 2315 3543 proxima,
2346 3484 2405 3529 nt
2439 3480 2621 3530 volunt

1562 3555 1814 3619 Polybius
1844 3555 1937 3604 lib.
1969 3568 2032 3604 ιι.
2062 3555 2236 3604 Livius
2260 3568 2313 3606 v.
2346 3555 2536 3606 Strabo
2561 3573 2618 3609 v·

1564 3634 1763 3684 Plinius
1793 3631 1880 3681 lib.
1918 3644 2005 3680 ιιι.
2031 3629 2269 3683 ,Iustinus
2307 3631 2396 3681 lib.
2431 3644 2530 3684 xx.
2560 3640 2618 3683 et

1564 3706 1868 3758 Eustathius
1899 3706 1948 3755 in
1990 3706 2210 3768 Dionys.
2277 3706 2403 3768 Alii,
2427 3715 2484 3757 ut
2511 3706 2615 3758 Au-

1562 3784 1720 3833 relius
1765 3782 1946 3831 Victor
1981 3781 2032 3831 in
2068 3780 2317 3846 Adriano,
2351 3782 2416 3833 ab
2455 3782 2618 3835 Adria

1561 3858 1953 3908 Marucinorum
2009 3857 2116 3921 agri
2170 3857 2356 3907 Piceni
2409 3858 2616 3922 oppido.

1564 3935 1715 3984 Ferre
1751 3932 1924 3997 mores]
1957 3932 2238 3983 Gevartius
2273 3948 2422 3983 mores
2449 3934 2615 3983 Adria

1562 4010 1795 4075 explicat
1832 4015 2068 4059 naturam
2090 4016 2147 4059 et
2178 4007 2478 4061 affectiones
2500 4011 2612 4075 ejus

1560 4088 1734 4144 maris,
1758 4091 1817 4135 ut
1849 4086 2054 4140 Groecis
2081 4084 2173 4145 ἤθη
2203 4083 2460 4137 dicuntur.
2525 4089 2612 4140 Ita

1558 4163 1822 4215 ‘tibullus‘
1855 4176 2048 4213 morem
2081 4161 2401 4229 charybdi&
2438 4154 2611 4229 Virgi-
