3200 4913
1227 406 1641 460 mammo.
2392 375 2407 386 ⁵
2454 394 2539 461 19

333 534 612 622 portius.
703 533 857 602 Uno
905 556 1098 606 anno·
1129 536 1564 604 Parmensem
1583 536 1971 623 -praecessit,
1999 537 2364 620 impressus
2394 535 2541 606 -Ve-

335 644 538 710 netiis
563 639 694 705 An.
726 640 924 708 1472.
1013 639 1172 704 Non
1213 637 1456 706 dubito
1507 640 1671 723 quin
1716 638 1865 724 haec
1917 641 2005 706 sit
2032 641 2331 706 omnium
2360 643 2543 707 anti·

337 744 668 830 quissima
692 744 928 808 harum
951 741 1310 826 Sylvarum
1335 742 1603 808 Editio:
1647 749 1850 822 certe,
1868 742 2167 808 omnium
2190 742 2539 808 rarissima

338 854 478 929 θεῖς
547 865 770 932 neque
811 847 1226 912 mentionem
1273 845 1424 929 ejus
1472 845 1639 911 alibi
1684 839 1951 911 invenio
1978 851 2423 929 praetetquam
2468 847 2539 912 in

339 951 628 1016 obscuro
673 950 806 1013 isto
848 948 1093 1032 angulo
1138 945 1474 1013 Editionis
1519 946 1945 1028 Parmensis3
1990 946 2215 1012 istius
2262 967 2537 1033 quoqne

338 1071 660 1136 perquam
687 1070 882 1116 rarae.
1559 1095 1568 1104 ›
1652 1077 1661 1084 ·
2034 1073 2040 1080 ·
2092 1090 2099 1096 -

425 1151 760 1218 Romana
789 1171 1060 1238 quoque
1091 1151 1344 1228 Editio,
1373 1152 1531 1217 licet
1559 1153 1647 1218 ab
1679 1091 1839 1216 aliis
1868 1151 2277 1235 praenotata,
2304 1153 2540 1219 nonni-

336 1254 434 1320 hil
463 1257 622 1321 novi
644 1268 743 1320 ex'
773 1275 899 1319 suo
933 1254 1240 1332 contulit,
1269 1261 1342 1320 et
1369 1255 1699 1320 lectiones
1714 1252 2107 1319 Parmensis
2152 1261 2223 1322 et
2250 1255 2543 1322 Venetae

339 1355 547 1422 Edita
578 1356 1033 1437 confirmavit3
1103 1356 1286 1440 quod
1337 1359 1596 1440 passim
1648 1356 1935 1422 videbis.
2026 1357 2215 1424 Huic
2270 1359 2547 1442 praefuit

343 1459 682 1525 Domitius
710 1456 1130 1536 Calderinus,
1157 1478 1246 1521 ex
1279 1459 1550 1541 scriptis
1579 1461 1649 1522 in
1679 1458 1983 1525 diversos
2010 1458 2351 1527 Auctores
2379 1462 2550 1527 bene

339 1569 564 1639 notuS,
592 1567 684 1638 et,
725 1566 802 1625 ut
846 1560 972 1625 illo
1027 1579 1203 1639 oev0,
1243 1562 1348 1627 vir
1399 1580 1560 1626 sane
1593 1562 2063 1626 doctissimus.
2154 1563 2384 1628 Multa
2434 1561 2553 1627 ille

340 1663 564 1730 Statio
591 1662 884 1729 feliciter
910 1663 1244 1744 restituit3
1311 1664 1380 1727 in
1422 1664 1655 1729 multis
1680 1664 2029 1747 pueriliter
2060 1666 2355 1731 erravitt
2419 1664 2554 1730 hoc

341 1771 576 1830 tamen
599 1765 870 1830 nomine
900 1766 1190 1830 maxime
1219 1766 1631 1849 culpandus,
1662 1767 1844 1850 quod
1890 1767 1949 1830 si
1994 1767 2155 1849 quid
2194 1785 2327 1832 non
2358 1764 2557 1830 intel-.-

339 1865 612 1946 lexerit,
637 1867 870 1932 statim
891 1869 1174 1933 mutavit
1195 1889 1214 1948 3
1259 1869 1462 1933 etiam
1485 1867 1777 1931 absurde
1806 1887 2324 1950 nonnunquam3
2371 1888 2558 1951 saepe

341 1968 576 2045 etiam,
624 1967 806 2048 quod
852 1967 1051 2030 valde
1096 1968 1425 2048 suspicor,
1471 1966 1657 2030 nulla
1698 1968 2028 2030 mentione
2054 1967 2257 2031 facta.
2348 1966 2559 2036 Utilis

343 2077 574 2134 tamen
617 2067 876 2144 Editio,
927 2067 1114 2150 quod
1161 2066 1574 2132 diversorum
1622 2064 1955 2130 Codicum
2008 2069 2411 2151 scripturam
2456 2091 2561 2137 re-

345 2175 745 2254 praesentct3
794 2189 944 2234 cum
978 2169 1125 2252 jam
1173 2188 1370 2251 paene
1423 2175 1647 2233 certus
1680 2169 1831 2244 sim,
1864 2169 2264 2248 Domitium,
2292 2173 2559 2254 quando

347 2274 552 2340 istam
585 2273 954 2356 evulgaret,
998 2292 1124 2339 non
1169 2271 1430 2336 vidisse
1475 2275 1594 2336 aut
1638 2270 2099 2349 Par-mensem,
2144 2281 2266 2336 aut
2318 2275 2561 2340 Libros

343 2395 436 2442 ex
466 2376 718 2461 quibus
750 2374 1138 2442 Parmensis
1167 2390 1498 2459 expressa
1526 2373 1696 2438 suita
1761 2373 1845 2437 de
1884 2391 2017 2454 quo
2063 2373 2425 2461 aliquando
2456 2379 2557 2442 in-

350 2484 578 2545 certus
599 2497 806 2545 eram.

441 2580 584 2647 Sed
610 2579 863 2645 dudum
892 2587 1046 2647 ante
1072 2588 1316 2647 nactos
1341 2578 1472 2645 hos
1497 2579 1713 2645 libros
1732 2580 2121 2664 suspicatus
2146 2602 2351 2661 eram,
2373 2584 2561 2667 quod

352 2687 606 2771 postea
631 2701 858 2748 verum
906 2684 1231 2765 comperi,
1261 2702 1396 2747 non
1439 2684 1723 2748 multum
1767 2683 2013 2747 auxilii
2064 2685 2558 2766 expectandum

353 2804 519 2854 esse
547 2804 592 2853 a
619 2784 884 2855 duobus
913 2785 1026 2850 -vel
1069 2786 1278 2850 tribus
1333 2786 1839 2868 exemplaribus
1869 2786 2260 2869 quibusvis:
2306 2786 2561 2871 quippe

355 2888 566 2955 altius
599 2888 921 2953 adactum
961 2895 1107 2951 erat
1155 2888 1429 2967 vulnus3
1490 2892 1562 2950 et
1604 2892 1761 2969 post
1803 2887 2025 2952 omnia
2071 2906 2223 2971 quae
2268 2888 2566 2955 invenire

354 2991 550 3075 potui
579 3009 642 3054 a.
663 2990 826 3055 viris
849 2988 1097 3063 ‚doctis
1140 2989 1459 3053 restituta
1499 2985 1611 3052 vel
1630 3006 1681 3050 -e
1711 2986 1937 3051 Libris
1979 2987 2090 3052 vel
2130 2988 2439 3071 ingenio,·
2464 3010 2568 3055 re-

357 3088 631 3161 stabant
659 3092 880 3157 adhuc
909 3111 1104 3176 paene
1119 3092 1462 3155 innumera
1480 3108 1635 3173 quae
1660 3088 1848 3181 nullo
1878 3090 2076 3157 modo
2107 3099 2301 3157 erant
2328 3092 2570 3157 intelli-

275 3266 280 3269 ,
357 3193 606 3277 genda.
694 3193 834 3257 His
873 3194 1076 3277 igitur
1113 3193 1604 3269 incumbebam,
1633 3193 1783 3256 haec
1808 3192 2209 3283 premebam?
2238 3200 2311 3258 et
2338 3212 2569 3261 omnes

361 3296 682 3379 strophas
731 3296 1070 3361 vertebam
1087 3315 1109 3358 ι
1181 3298 1250 3357 et
1292 3293 1624 3358 interdum
1671 3294 1926 3359 veritas
1984 3294 2202 3378 primo
2259 3294 2571 3361 discursu

361 3415 521 3471 sese
548 3396 890 3479 ingerebat
916 3417 936 3477 3
981 3394 1340 3480 aliquando
1357 3414 1463 3459 res
1485 3401 1625 3459 erat
1648 3397 2036 3461 morosioris
2061 3396 2570 3480 disquisitioni&

361 3498 449 3565 In
479 3516 778 3566 summa:
830 3499 892 3563 si
923 3498 1082 3582 quid
1108 3498 1178 3561 in
1203 3497 1312 3561 his
1331 3498 1534 3560 rebus
1562 3498 1731 3560 certi
1761 3497 1873 3575 sit,
1894 3516 2094 3579 paene
2125 3498 2345 3571 ausim
2369 3499 2439 3563 in
2464 3518 2573 3563 me

363 3600 664 3684 recipere
689 3609 762 3666 et
788 3608 1137 3684 praestare,
1168 3598 1402 3683 tejam
1432 3597 1652 3679 legere
1682 3616 1891 3681 posse
1917 3597 2115 3664 Statii
2144 3598 2388 3683 Sylvas
2414 3600 2575 3681 plus

367 3721 576 3787 qnam
602 3709 710 3767 ter
751 3710 1016 3768 centum
1064 3701 1240 3766 locis
1294 3700 1648 3764 restitutas
1692 3718 1781 3763 ex
1826 3684 2262 3783 conjectura3
2322 3700 2575 3782 partim

369 3824 576 3874 sensu
601 3812 946 3888 praeeunte
972 3811 1042 3868 et
1068 3801 1452 3867 necessario
1482 3800 1869 3885 postulante
1896 3798 2023 3865 has
2046 3799 2573 3880 emendationes,

368 3907 619 3991 partim
645 3906 862 3972 literis
892 3912 962 3973 et
989 3905 1234 3971 calami
1262 3903 1582 3969 ductibus
1606 3903 1693 3972 ad
1723 3921 1915 3967 veras
1947 3902 2309 3968 Lectiones
2332 3902 2577 3991 ducen-

368 4010 598 4077 tibus:
644 4010 820 4078 adeo
846 4014 922 4075 ut
936 4008 1086 4093 jam
1116 4026 1254 4072 non
1282 4011 1536 4072 restent
1563 4004 2008 4089 quadraginta
2033 4004 2187 4070 loca
2213 4004 2299 4070 de
2326 4007 2574 4090 quibus
2594 4007 2609 4020 ⁰

373 4110 748 4196 desperem.
836 4109 883 4175 J
887 4110 1239 4177 uveniliter
1281 4109 1476 4173 nimis
1520 4107 1776 4172 dictum
1816 4105 1942 4172 hoc
1972 4106 2096 4170 tibi
2122 4104 2289 4171 sorte
2318 4107 2579 4173 videbi-

373 4217 518 4277 tur:
563 4213 900 4299 spondeo,
927 4212 1182 4281 dictum
1229 4230 1378 4277 esse
1422 4210 1600 4278 citra
1648 4210 2135 4279 affectationem
2164 4215 2279 4277 aut
2312 4211 2578 4294 jactan-
