3200 4913
571 390 656 453 10
1461 409 1873 459 pampano.

572 550 738 632 quin
769 549 866 613 ita
905 550 1241 633 scripserit
1289 550 1631 617 Rutilius:
1696 561 1766 616 et
1808 556 1885 618 si·
1910 553 2100 618 istud
2153 552 2407 620 Poema
2450 555 2764 622 editurus

569 669 814 728 essem,
847 653 993 716 sin'e
1021 653 1433 718 haesitatione
1463 654 1534 718 in
1576 654 1985 719 contextum
2032 655 2389 736 reciperem
2422 658 2443 688 ‘
2473 675 2725 720 cornua
2748 654 2767 680 ⁹

569 761 692 833 pro
723 759 741 785 ⁶
763 752 1073 818 nomina.’
1158 755 1275 818 Sic
1325 758 1346 788 ‘
1375 761 1681 837 tempora
1702 753 1719 780 ’
1749 763 1818 818 et
1870 759 1890 789 ‘
1920 775 2191 822 munera
2210 754 2227 780 ³
2258 761 2765 820 commutantur

569 851 858 917 Manilio
889 869 990 916 ιν.
1018 854 1168 919 205.
1199 857 1218 888 ‘
1239 857 1511 920 nomina
1530 857 1544 879 '
1575 863 1648 920 et
1684 859 1705 890 ‘
1726 855 2045 939 praemia'
2076 855 2275 922 ovid.
2296 856 2483 921 Fast.
2508 873 2581 922 v·
2600 857 2761 922 205.

568 959 589 990 ‘
619 954 920 1036 gurgite’
962 961 1032 1020 et
1060 956 1338 1022 ‘littore’
1392 957 1769 1022 Claudiano
1799 960 1866 1022 iu
1900 957 2127 1022 Rufio.
2164 973 2212 1020 ι.
2243 956 2393 1024 186.
2448 963 2467 992 ‘
2495 958 2763 1023 omiuo’

567 1061 640 1119 et
666 1060 685 1088 ‘
709 1056 1016 1138 pectore’
1046 1057 1314 1124 Catullo
1339 1058 1423 1122 de
1455 1058 1671 1141 Nupt.
1696 1056 1842 1122 Pel.
1872 1066 1943 1124 et
1966 1059 2157 1126 Thet.
2188 1058 2275 1123 ad
2305 1057 2525 1126 finem.
2597 1059 2763 1126 Val.

567 1155 860 1222 Flaccus
897 1174 974 1223 ιι.
997 1157 1146 1223 324.

1079 1307 1319 1374 Venus
1348 1311 1502 1394 ipsa
1531 1309 1769 1375 volens
1801 1307 1921 1374 dat
1952 1317 2257 1392 tempora
2276 1308 2493 1394 jungi,

741 1411 917 1474 Dum
951 1412 1124 1476 vires
1153 1419 1357 1490 utero,
1387 1417 1819 1495 maternaque
1852 1412 2092 1476 sufficit
2120 1421 2335 1477 aetas:

565 1561 652 1626 de
679 1566 700 1598 ‘
727 1563 1080 1627 connubiis
1107 1561 1124 1586 ’
1165 1563 1497 1646 loquitur3
1559 1564 1739 1629 unde
1785 1572 1979 1648 patet
2002 1583 2152 1628 eum
2184 1565 2556 1648 scripsisse,
2583 1565 2606 1598 ‘
2638 1564 2761 1630 dat

567 1660 828 1726 foedera
849 1663 1044 1745 Jungi
1063 1663 1100 1728 :'
1144 1664 1336 1748 cujus
1359 1665 1687 1747 phraseos
1718 1664 1869 1732 vide
1898 1667 2215 1748 exempla
2232 1668 2411 1750 apud
2444 1665 2549 1731 01.
2581 1666 2755 1732 Bur—

561 1768 882 1828 manuum
910 1764 996 1828 ad
1037 1764 1233 1829 Ovid.
1265 1765 1432 1832 Met.
1465 1783 1598 1830 vn.
1624 1768 1780 1832 403.
1811 1775 1879 1834 et
1904 1768 2155 1850 ubique
2184 1769 2493 1833 occurrit.
2583 1766 2755 1831 Pos-

571 1883 712 1928 sem
746 1865 894 1943 tibi,
922 1866 1142 1944 credo,
1185 1872 1338 1944 (nec
1387 1889 1478 1932 ex
1525 1869 1763 1933 Poetis
1811 1869 2085 1954 solum,)
2118 1870 2601 1952 quadringenta
2628 1869 2756 1932 hu-

553 1963 852 2047 jusmodi
873 1967 1319 2030 mutationum
1343 1969 1653 2049 exempla
1672 1969 2003 2051 proferre:
2044 1971 2195 2034 haro
2218 1991 2435 2051 pauca
2464 1969 2751 2048 adduxi,

564 2085 649 2128 ne
677 2065 955 2128 nimium
985 2066 1241 2130 mireris
1273 2065 1540 2148 quando
1581 2067 1654 2129 in
1694 2067 2035 2131 Contextu
2069 2068 2267 2150 hujus
2298 2069 2631 2132 Editionis
2659 2070 2752 2131 le-

565 2164 742 2248 geris
786 2169 806 2199 ‘
830 2185 1100 2230 munera
1119 2167 1135 2191 ’
1178 2185 1301 2249 pro
1332 2185 1417 2230 eo
1448 2166 1629 2248 quod
1661 2174 1802 2231 erat
1826 2165 2107 2244 vulnera,
2136 2169 2404 2250 Epiced.
2436 2168 2617 2234 Patr.
2638 2171 2749 2233 45.

565 2266 676 2331 vel
725 2270 747 2302 ‘
765 2266 1072 2331 munera’
1124 2285 1248 2350 pro
1279 2266 1558 2331 carmina
1587 2267 1865 2351 Epiced.
1905 2269 2111 2334 Puer.
2140 2270 2247 2334 14.
2276 2270 2385 2335 vel
2412 2273 2436 2304 ‘
2456 2271 2749 2335 vulnera’

563 2386 687 2450 pro
709 2366 958 2452 funera
985 2369 1145 2433 ibid.
1173 2369 1280 2433 46.
1310 2377 1377 2435 et
1419 2369 1797 2453 hujusmodi
1840 2372 2174 2436 nonnulla.
2268 2369 2405 2436 Ubi
2434 2373 2607 2436 enim
2639 2391 2747 2436 res

563 2480 710 2535 erat
738 2472 1106 2536 manifestae
1136 2472 1430 2536 veritatis
1477 2480 1547 2536 et
1597 2490 1879 2536 summae
1932 2472 2374 2551 necessitatiS,
2405 2472 2649 2538 admisi
2679 2476 2747 2537 in

564 2573 970 2637 Contextum
1019 2570 1174 2658 (cur
1215 2574 1390 2638 enim
1419 2574 1582 2638 mihi
1611 2583 1981 2657 negaretur,
2014 2574 2194 2658 quod
2236 2574 2370 2639 nisi
2402 2574 2557 2639 aliis
2584 2594 2747 2641 con-

559 2694 830 2741 cessum
887 2678 1174 2741 antehac
1220 2676 1409 2755 foret,
1453 2678 1572 2741 vix
1620 2678 1791 2742 duos
1840 2698 2073 2742 versus
2122 2678 2473 2743 continuos
2514 2678 2587 2741 in
2636 2664 2745 2741 his

561 2776 792 2861 Sylvis
821 2779 1162 2861 potuisses
1183 2777 1550 2859 intelligere
1566 2776 1631 2862 Τ)
1658 2796 1790 2843 non
1820 2780 2103 2843 aliorum
2127 2778 2367 2856 solum,
2395 2777 2510 2843 sed
2540 2778 2745 2843 etiam

560 2875 748 2943 ineas
777 2878 1252 2963 conjecturas:
1315 2879 1383 2941 in
1413 2878 1542 2944 hac
1571 2888 1763 2961 parte
1812 2886 2088 2945 secutus
2118 2879 2472 2945 consilium
2503 2882 2744 2945 summi

560 2980 881 3063 magistri,
913 2979 1275 3045 Gronovii:
1323 2983 1344 3014 ‘
1375 2979 1511 3044 Cur
1537 2982 1713 3044 enim
1748 2980 1999 3066 (inquit
2026 2980 2174 3059 Illo,
2206 2980 2474 3045 Praefat.
2505 2982 2589 3045 ad
2620 2982 2745 3046 Se·

560 3079 828 3166 nocam)
849 3086 1077 3146 tantus
1105 3082 1296 3146 labor
1338 3082 1691 3147 insumitur
1718 3081 2027 3148 eruendae
2054 3082 2370 3148 doctrinae
2400 3082 2744 3160 Veterum,

557 3188 626 3245 et
667 3183 979 3267 operibus
1027 3182 1571 3265 redintegrandis»,
1618 3185 1681 3247 si
1726 3182 1948 3248 nullus
1991 3182 2144 3247 inde
2179 3182 2267 3247 ad
2294 3182 2484 3267 ipsos
2512 3184 2743 3247 redeat

559 3283 814 3348 fructus
835 3286 865 3348 ‘t
934 3283 1119 3362 Quid
1157 3286 1362 3370 juvat
1409 3286 1615 3349 toties
1656 3304 1907 3351 novare
1957 3284 2329 3363 Editionos,
2374 3291 2445 3349 ut
2492 3284 2741 3351 eaedem

557 3386 955 3469 corruptelae
987 3388 1055 3450 iu
1085 3386 1372 3469 singulis
1416 3389 1783 3453 maneant?
1850 3388 2093 3471 Itaque
2132 3387 2211 3451 fit
2258 3406 2738 3469 saepenumero,

558 3492 634 3549 ut
661 3486 872 3551 lector
921 3487 990 3550 in
1041 3486 1360 3551 facilibus
1405 3487 1775 3566 intellectu,
1806 3491 1867 3555 si
1912 3491 2093 3553 bono
2122 3486 2409 3552 consilio
2440 3494 2740 3552 assumta

555 3608 594 3651 e
637 3584 1032 3653 criticorum
1075 3590 1347 3671 scriptis
1391 3594 1570 3671 <quse
1614 3588 1921 3653 omnibus
1963 3586 2268 3651 evolvere
2312 3604 2445 3650 non
2476 3606 2742 3671 semper

554 3686 784 3770 vacat)
813 3690 1100 3771 genuina
1127 3708 1364 3752 manus
1392 3686 1673 3752 Auctori
1696 3688 1957 3752 reddita
1986 3693 2185 3765 esset,
2203 3688 2368 3771 quia
2397 3688 2734 3771 vulgatum

553 3788 864 3853 retinetur
893 3789 1107 3865 ulcuS,
1136 3790 1508 3869 crucietur3
1569 3789 1898 3871 potiorem
1948 3796 2205 3872 partem
2248 3794 2368 3853 aut
2406 3794 2541 3853 non‘
2589 3811 2735 3874 pcr-

556 3896 817 3972 ceptam
846 3897 962 3953 aut
989 3890 1184 3969 male,
1215 3896 1540 3971 nauseam
1585 3894 1652 3953 et
1676 3888 1835 3954 nihil
1852 3888 2032 3972 quod
2054 3888 2305 3954 imitari
2327 3895 2464 3954 tuto
2492 3895 2735 3973 possit,

557 3990 898 4053 inveniat.’
986 3990 1164 4055 Haec
1194 3991 1335 4071 ille,
1366 3994 1623 4076 optima
1650 4010 1838 4070 sane,
1882 3997 1951 4056 et
1991 3990 2347 4055 utilissima
2376 3994 2434 4055 si
2464 3987 2735 4057 adhibe-

555 4098 700 4157 atur
717 4091 1088 4175 judicium3
1135 4094 1267 4170 cui,
1297 4100 1610 4178 quantum
1651 4095 1858 4170 valui,
1886 4094 2176 4158 intendi:
2221 4100 2294 4158 et
2321 4092 2453 4158 hoc
2482 4096 2739 4177 tempe&

551 4201 912 4262 ramentum
944 4200 1210 4260 secutus
1242 4216 1415 4274 sum,
1445 4204 1520 4261 ut
1542 4198 1598 4263 si
1632 4198 1703 4261 in
1732 4194 2010 4279 vulgata
2054 4194 2337 4261 lectione
2365 4194 2617 4280 aliquid
2648 4198 2735 4260 sit
