3200 4913
589 401 676 465 14
1484 413 1896 462 ΡΜιιτΑτιο.

587 567 718 624 tes,
777 556 962 636 Quid
997 557 1174 622 aliud
1206 577 1402 641 quam
1433 558 1835 639 negligentes
1864 557 2081 642 (viros
2112 557 2283 622 alias
2312 553 2778 637 acutissimos)

584 661 858 738 dixeriS,
887 659 1004 742 qui
1033 662 1289 724 centies
1319 661 1492 723 forte
1531 658 1884 741 relegerint
1910 658 2137 723 locum
2170 658 2516 737 Auctoris,
2550 660 2614 722 in
2645 679 2781 742 quo

585 767 834 826 matres
860 761 930 824 in
957 762 1138 826 luctu
1171 761 1479 825 dicuntur
1502 760 1691 844 ferre
1741 759 1969 823 cineres
2006 769 2067 823 et
2095 759 2372 823 carmina
2398 757 2585 822 oculis
2606 783 2631 830 ,-
2674 761 2782 825 vel

585 863 704 926 ubi
731 861 952 926 infans
974 862 1218 927 dicitur
1233 860 1550 946 implicare
1567 862 1868 947 gemitum
1900 860 2103 926 alicui
2124 881 2142 940 3
2186 861 2294 925 vel
2316 861 2434 924 ubi
2456 860 2779 926 Tithonia

583 965 827 1029 (licitur
882 985 1168 1050 spargere
1225 963 1514 1046 aliquem
1555 960 1823 1048 flagello
1847 986 1872 1031 ,·
1938 962 2047 1027 vel
2090 962 2207 1026 ubi
2260 959 2491 1046 lanugo
2537 957 2782 1025 dicitur

584 1085 837 1150 carpere
859 1087 1088 1152 genas,-
1153 1066 1260 1131 vel
1306 1067 1422 1129 ubi
1475 1063 1679 1128 Tibris
1708 1072 1779 1128 et
1812 1061 2103 1128 Lucanus
2130 1083 2283 1148 ager
2312 1062 2627 1127 dicuntur
2652 1071 2781 1124 tor-

583 1187 771 1253 quere
795 1188 992 1253 aquas
1009 1190 1029 1229 .·
1073 1168 1192 1251 qui
1225 1167 1397 1243 haec,
1429 1167 1729 1249 inquam,
1760 1174 1831 1229 et
1857 1171 1961 1229 ter
1988 1172 2254 1229 centum
2282 1163 2455 1230 talia
2484 1162 2777 1246 relegere

583 1269 926 1352 potuerint
963 1277 1031 1332 et
1070 1269 1289 1345 edere,
1322 1267 1468 1332 sine
1518 1265 1657 1330 ulla
1701 1267 1804 1330 vel
1852 1283 2085 1330 sensus
2136 1265 2620 1348 explicatione,
2669 1264 2782 1328 vel

583 1369 1022 1434 absurditatis
1055 1371 1386 1433 mentione
1407 1369 1438 1428 ’ἱ
1482 1364 1712 1450 Atque
1742 1366 1891 1432 haec
1934 1373 2037 1430 est
2068 1365 2262 1430 Statii
2314 1365 2383 1430 in
2409 1365 2519 1429 his
2552 1365 2781 1449 Sylvis

583 1488 770 1550 θοι-ες
815 1489 897 1533 ea
934 1469 1278 1534 Editorum
1323 1467 1705 1533 securitas·
1766 1467 2126 1545 Nimirum,
2164 1467 2303 1530 illis
2346 1485 2482 1530 nou
2515 1466 2779 1531 videtui·

585 1571 972 1636 suboluisse
1003 1571 1090 1636 de
1111 1578 1246 1635 tam
1263 1569 1655 1653 prodigiosa
1671 1568 1903 1633 horum
1922 1569 2235 1633 librorum
2260 1567 2735 1652 depravatione
2756 1580 2777 1646 ’ς

581 1678 656 1736 et
683 1672 1075 1736 mendorum
1120 1689 1513 1736 consensum
1557 1689 1678 1754 pro
1718 1672 2003 1734 sanitate
2034 1677 2461 1754 acceperunt.
2553 1669 2649 1734 Ni
2680 1670 2779 1733 ita

580 1789 658 1836 se
684 1771 980 1852 haberet,
1009 1773 1352 1856 quomodo
1383 1772 1521 1836 fieri
1551 1775 1773 1855 potuit
1820 1780 1897 1837 ut
1945 1779 2048 1836 tot
2090 1771 2641 1836 absurditatibus·
2666 1789 2779 1836 ac·-

579 1876 952 1957 quiesceret
994 1874 1162 1960 (non
1207 1875 1366 1940 dico
1415 1874 1785 1940 Gevartius
1830 1879 1897 1938 et
1932 1875 2267 1950 Barthius‚
2296 1870 2453 1954 sed)
2478 1889 2777 1936 summus

581 1975 711 2040 Ille
739 1975 1148 2052 Gronovius,
1195 1977 1342 2039 sine
1391 1975 1528 2038 ulla
1577 1975 1688 2037 vel
1738 1975 2150 2056 suspicionis
2196 1993 2341 2037 suae
2394 1974 2723 2036 mentione
2740 1973 2772 2035 ‘l

583 2077 737 2142 Nec
763 2075 893 2140 hoc
925 2077 1081 2139 dico
1107 2081 1183 2139 ut
1231 2093 1384 2141 mea
1425 2073 1698 2157 majoris
1746 2075 2185 2151 aestimentur,
2220 2080 2343 2136 aut
2366 2076 2445 2137 ut
2472 2072 2673 2138 famae
2704 2082 2775 2138 et

578 2175 834 2242 meritis
861 2175 1040 2239 illius
1071 2174 1437 2252 detraham,
1465 2172 1785 2257 (quorum
1814 2181 2119 2237 neutrum
2154 2180 2271 2238 aut
2298 2171 2371 2235 in
2401 2173 2622 2237 animo
2652 2180 2772 2240 aut

581 2279 652 2342 in
694 2281 1031 2360 potestate
1067 2293 1218 2340 mea
1267 2275 1468 2338 situm
1512 2271 1691 2354 est3)
1736 2273 1855 2338 sed
1880 2281 1959 2339 ut
1986 2274 2141 2338 hinc
2162 2275 2541 2356 perspicias
2570 2294 2772 2358 quam

578 2379 864 2443 diversae
896 2397 1004 2442 res
1033 2378 1164 2441 sint
1197 2375 1520 2459 Mag-uam
1552 2375 1867 2440 Latinam
1912 2383 1985 2440 et
2035 2374 2286 2440 Poetas
2335 2376 2617 2441 Latinos
2648 2396 2774 2462 op·

579 2479 738 2544 time
787 2488 858 2543 et
913 2485 1224 2543 accurate
1284 2476 1677 2559 intelligere:
1751 2496 2033 2559 quorum
2088 2477 2293 2555 istud,
2349 2479 2410 2542 si
2456 2480 2773 2565 cuiquam

579 2580 981 2657 mortalium,
1001 2578 1348 2643 Gronovio
1378 2579 1692 2662 contigit3
1722 2579 1869 2656 hoc,
1885 2577 2239 2663 (accurate
2268 2576 2483 2663 dico,)
2508 2581 2629 2644 vix
2658 2580 2773 2643 uni

576 2688 648 2746 et
676 2681 895 2759 alteri,
924 2681 1106 2765 quod
1133 2682 1362 2758 sciam,
1406 2679 1635 2765 (vivos
1688 2682 1863 2745 enim
1916 2688 2265 2764 praetereo,
2318 2686 2552 2764 utpote
2598 2696 2773 2764 quos

577 2783 880 2848 Libitina
922 2783 1217 2847 nondum
1263 2783 1685 2862 sacraverit)
1725 2790 1974 2867 proeter
2018 2782 2175 2848 Nic.
2220 2783 2602 2860 Heinsium,
2652 2800 2768 2847 ve·

577 2900 723 2946 rum
752 2882 1000 2947 Phoebi
1053 2884 1416 2959 alumnum,
1461 2891 1532 2947 et
1578 2883 1923 2966 Calliopes
1968 2886 2120 2948 sinu
2170 2884 2591 2948 innutritum:
2652 2882 2771 2967 qui

577 2984 766 3047 aliud
799 3002 1002 3065 agens
1029 3003 1224 3067 paene
1250 2984 1651 3067 pluralem,
1676 2990 1855 3051 certe
1882 2985 2279 3062 difficiliora,
2306 2986 2379 3049 in
2403 2984 2512 3047 his
2544 2984 2769 3068 Sylvis

575 3085 895 3161 restituit,
925 3103 1130 3167 quam
1161 3103 1395 3149 omnes
1427 3085 1544 3150 alii
1577 3087 1781 3152 simul
1818 3087 2019 3152 sumti
2045 3086 2425 3172 (Gronovio
2453 3083 2771 3170 excepto)

574 3184 694 3267 qui
723 3202 816 3249 ex
851 3182 1155 3268 professo
1206 3184 1607 3251 insudarunt
1651 3188 1809 3251 huic
1863 3189 2101 3271 operi;
2156 3206 2283 3251 nec
2330 3186 2561 3251 dubito
2607 3186 2767 3270 quin

513 3373 524 3381 .
575 3287 782 3349 multo
812 3284 1008 3368 plura
1033 3286 1285 3351 lateant
1333 3288 1402 3351 in
1447 3290 1745 3369 margine
1792 3288 2219 3373 Exemplaris
2252 3289 2453 3372 ejus;
2512 3289 2695 3372 quod
2725 3308 2768 3354 a

579 3386 968 3451 Burmanno
997 3387 1356 3471 aliquoties
1388 3390 1668 3455 citatum
1700 3391 1923 3469 video,
1960 3390 2131 3456 Not.
2171 3392 2257 3455 ad
2288 3390 2655 3466 Ovidium;
2698 3394 2769 3450 et

575 3488 874 3553 meminit
899 3488 1214 3554 Graevius
1255 3491 1324 3553 in
1378 3491 1596 3574 Epist.
1648 3490 1732 3554 ad
1771 3491 2173 3568 Bentleium,
2208 3490 2371 3553 Not.
2402 3490 2487 3555 ad
2522 3488 2761 3552 Horat.

575 3588 799 3655 canu.
841 3606 888 3653 1.
919 3590 1026 3655 23.
1053 3590 1120 3655 5.
1209 3590 1358 3655 Nec
1388 3596 1613 3655 tamen
1641 3592 1773 3655 hoc
1804 3590 2155 3656 Gronovio
2184 3590 2349 3654 vitio
2382 3588 2761 3685 vertendum

575 3691 925 3772 ἀπιστίαις
984 3711 1121 3755 non
1147 3692 1368 3755 hercle
1396 3692 1611 3772 magis
1648 3710 1851 3774 quam
1884 3690 2066 3773 quod
2094 3688 2335 3755 Gallus
2364 3690 2470 3755 vel
2496 3690 2765 3754 Britan-

575 3808 708 3854 nus
735 3810 869 3854 non
905 3790 1148 3872 fuerit3
1190 3811 1326 3856 non
1351 3791 1568 3874 magis
1600 3810 1805 3873 quam
1836 3790 2016 3875 quod
2070 3794 2092 3826 ‘
2120 3789 2529 3874 spectandus
2556 3792 2765 3874 nigris

577 3892 796 3956 oculis
839 3894 1163 3975 nigroque
1203 3894 1460 3977 capillo
1480 3892 1500 3919 ⁹
1543 3892 1716 3958 forte
1764 3910 1895 3956 non
1940 3892 2159 3958 fuerit.
2250 3892 2411 3957 Hoc
2441 3894 2617 3956 enim
2646 3892 2767 3957 do-

575 4008 735 4054 num
767 4001 875 4056 est
905 3993 1215 4070 Naturae,
1261 4002 1331 4058 et
1378 3994 1514 4060 illis
1564 3993 1731 4059 solis
1780 3992 2062 4074 contigit
2110 4011 2283 4075 quos
2328 3997 2350 4029 ‘
2384 3992 2762 4056 Nascentes

577 4090 850 4173 placido
867 4093 1114 4158 lumine
1133 4094 1405 4159 viderit’
1437 4093 1889 4179 Melpomene.
1978 4091 2203 4159 Multo
2233 4094 2469 4159 altiora
2504 4098 2570 4156 et
2592 4090 2765 4157 forte

577 4192 848 4259 utiliora
887 4196 1075 4259 novit
1113 4200 1180 4260 et
1214 4195 1519 4261 excoluit
1557 4196 1657 4261 vit
1700 4194 1819 4261 ille
1866 4212 2021 4260 vere
2058 4197 2436 4275 maximum
2482 4213 2763 4277 quorum
