3200 4913
1057 457 1070 468 ,
1131 405 1230 458 nn
1278 403 1586 458 ummo
1632 407 1925 463 sumo.
2540 401 2627 474 81

579 543 812 630 wipo,
841 545 1257 634 Panegyrico
1287 550 1779 620 adHeuricum
1809 571 1925 620 ιιι.
1967 553 2465 641 Imperatorem.

683 663 794 728 Ex
822 667 1066 731 nostris
1092 668 1373 733 monitis
1391 670 1683 737 callebat
1709 673 2043 740 STA'rms
2076 685 2313 743 auctor

680 765 1044 838 Thebanos
1075 769 1366 853 juvenes
1397 773 1618 838 mistis
1648 773 2366 852 discernere-flammis.

799 916 1041 984 Petrus
1069 919 1437 1022 'Mauritius
1466 921 1708 1000 Abbas
1748 927 2238 1026 cluniacensis,
2296 1000 2303 1008 ,

681 1032 832 1100 Vos
859 1056 902 1100 o
929 1041 1260 1135 praecipui
1289 1043 1584 1116 cultores
1628 1045 2108 1134 Philosophiae,
2198 1101 2207 1108 .

772 1136 965 1220 Quos
990 1142 1227 1207 eadem
1255 1147 1549 1238 propriis
1577 1147 1833 1224 educat
1856 1151 1925 1214 in
1952 1149 2208 1219 laribus
2233 1175 2255 1236 3

687 1238 854 1325 Ejus
887 1262 1032 1323 vos,
1062 1244 1360 1330 inquam,
1387 1249 1528 1332 poti
1557 1253 1879 1336 pastique
1908 1255 2191 1339 papilla,

772 1343 964 1423 Quos
992 1350 1263 1430 proprio
1295 1350 1542 1415 studiis
1569 1353 1809 1419 imbuit
1833 1373 1947 1420 ore
1972 1358 2211 1423 saon-ie.

685 1445 906 1527 Naso,
941 1447 1218 1531 Haece,
1252 1451 1700 1535 Maro,'Stati,
1730 1453 2021 1534 Lucane,
2052 1458 2322 1538 Bo‘elthi,

768 1549 858 1614 Et
886 1552 1292 1638 quicumque
1325 1563 1516 1621 tuum
1544 1557 1837 1624 carmine
1862 1558 2075 1624 comis
2109 1581 2323 1644 opus:

685 1650 918 1738 Hujus
949 1655 1220 1723 Livoris
1249 1679 1374 1724 vos
1405 1665 1677 1744 tangere
1708 1679 1942 1728 mucro
1969 1663 2278 1744 minatur,

770 1753 916 1819 Hic
944 1761 1012 1822 et
1033 1757 1118 1822 de
1149 1767 1374 1828 vestro
1401 1761 1653 1844 cogitat
1682 1765 1917 1828 exitio.

682 1850 831 1919 Vos
861 1859 1107 1923 etenim
1135 1860 1366 1941 laedet,
1397 1864 1515 1945 qui
1542 1862 1791 1928 laedere
1817 1885 1953 1932 non
1978 1867 2171 1932 timet
2195 1827 2409 1947 illum,

770 1955 993 2035 Quem
1021 1962 1282 2026 socium
1307 1965 1508 2028 vobis
1539 1963 1918 2048 Calliopaea
1944 1968 2143 2033 dedit.

974 2094 1136 2160 Gul.
1167 2093 1364 2160 Brito
1391 2093 1586 2162 initio
1617 2073 2073 2200 Philippidos.

640 2208 784 2275 Aut
813 2211 929 2294 qui
955 2216 1094 2276 tam
1122 2211 1367 2296 sapido
1395 2213 1751 2282 Thebaida
1778 2219 2075 2284 carmine
2105 2221 2400 2308 scripsit,

643 2311 739 2378 Ut
769 2318 978 2398 queat
1007 2313 1100 2388 ad
1128 2316 1404 2399 plenum
1432 2317 1637 2402 digno
1668 2340 2027 2386 memorare
2058 2324 2269 2390 relatu

641 2415 778 2489 Tot
809 2417 1034 2489 victos
1059 2417 1312 2500 hostes,
1343 2424 1448 2486 tot
1474 2421 1673 2502 bella,
1703 2426 1801 2488 tot
1827 2422 2232 2497 obsidiones.

1105 2550 1319 2632 Idem,
1338 2553 1455 2620 lib.
1488 2571 1596 2619 lx.
1629 2560 1950 2621 extremo.
2020 2593 2026 2598 ·

772 2679 836 2743 Ο
869 2696 1049 2745 nunc
1079 2678 1346 2746 Lucani
1371 2685 1526 2747 ruat
1553 2683 1628 2747 in
1653 2703 1783 2761 me,
1806 2684 1952 2749 sive
1978 2680 2290 2750 Maronis

775 2782 1072 2865 Spiritus
1097 2803 1116 2863 ;
1147 2787 1264 2847 aut
1291 2782 1530 2857 saltem
1557 2783 1864 2848 Thebani
1895 2787 2077 2857 vatis
2104 2787 2361 2869 imago.

773 2916 946 2941 -r-——·
977 2890 1239 2950 tantum
1269 2890 1341 2951 ut
1369 2904 1629 2959 merear
1657 2886 1949 2968 vestigia
1974 2887 2273 2959 lambere
2308 2890 2486 2971 sola,
2542 2920 2547 2927 ·

775 2982 998 3061 Unius
1028 2988 1266 3053 similis
1297 2988 1367 3052 in
1399 2985 1697 3061 carmine
1726 2986 1951 3057 factus
1980 3008 2237 3066 eorum.

620 3130 706 3194 B.
733 3128 1116 3195 Bernardus
1143 3130 1228 3195 de
1260 3129 1715 3196 Conversione
1745 3128 1835 3194 ad
1866 3128 2187 3209 CiericoS,
2218 3148 2369 3215 cap.
2398 3131 2463 3197 8.

518 3248 714 3323 Tunc
761 3248 923 3323 mihi
979 3248 1050 3313 id
1100 3249 1438 3314 modicum
1481 3248 1990 3326 consolationis,
2036 3248 2221 3332 quod
2274 3254 2639 3333 utcumque

433 3349 768 3427 mendico,
814 3357 1038 3415 tentas
1079 3350 1456 3434 surripere—‘i
1545 3350 1765 3427 Dixit,
1794 3357 1861 3415 et
1891 3370 2046 3414 cum
2072 3350 2537 3433 indignatione
2566 3358 2639 3414 et

433 3452 652 3527 furore
679 3450 1032 3530 recedens,
1055 3454 1076 3526 ‘‚
1100 3450 1332 3529 teneo,'
1363 3450 1600 3535 inquit,
1638 3450 2089 3535 ‘longumque
2120 3450 2413 3527 tenebo?
2500 3450 2636 3525 Pa-

433 3554 575 3639 pia.
605 3552 824 3625 Theb.
857 3570 938 3622 11.
967 3553 1121 3621 429.
2399 3578 2404 3582 ·

899 3687 1189 3757 Cosmus
1215 3686 1576 3770 Pragensis
1606 3686 1796 3755 initio
1830 3685 2164 3751 chronici.

519 3804 604 3872 Id
637 3808 854 3873 solum
885 3827 1113 3891 operae
1142 3807 1421 3891 pretium
1447 3804 1615 3869 duxi
1645 3806 1716 3868 in
1744 3824 1895 3869 meo
1924 3821 2153 3887 opere,
2176 3808 2255 3867 ut
2273 3804 2502 3883 velta,
2527 3806 2638 3871 cui

433 3926 478 3973 a
507 3908 664 3975 Deo
691 3908 940 3973 collata
965 3913 1074 3972 est
1097 3908 1470 3991 Sapientia,
1517 3906 1628 3970 vel
1658 3906 1778 3969 alii
1807 3905 2097 3988 potiores
2122 3906 2428 3983 scientia,
2460 3906 2639 3971 sicut

433 4008 762 4095 Virgilius
788 4012 1028 4076 habuit
1043 4010 1267 4096 Trojoe
1294 4008 1568 4074 excidia
1592 4013 1667 4072 et
1694 4005 1955 4072 Statius
1978 4006 2349 4084 Thebaida,
2378 4008 2478 4071 ita
2503 4010 2637 4092 ipsi

435 4112 564 4180 hoc
593 4132 824 4178 meum
865 4131 1040 4197 opus
1075 4112 1369 4177 habeant
1394 4130 1519 4195 pro
1547 4110 1851 4187 materia,
1883 4127 2017 4194 quo
2058 4128 2252 4175 suam
2284 4109 2637 4187 scientiam

437 4216 719 4300 posteris
745 4214 1120 4296 notificent,
1153 4220 1226 4280 et
1250 4233 1494 4287 nomeu
1524 4212 1657 4279 sibi
1674 4212 2131 4297 magnificent..
